%YAML 1.1
%TAG !u! tag:unity3d.com,2011:
--- !u!1 &914096014998001152
GameObject:
  m_ObjectHideFlags: 0
  m_CorrespondingSourceObject: {fileID: 0}
  m_PrefabInstance: {fileID: 0}
  m_PrefabAsset: {fileID: 0}
  serializedVersion: 6
  m_Component:
  - component: {fileID: 914096014997703200}
  m_Layer: 0
  m_Name: hair.007
  m_TagString: Untagged
  m_Icon: {fileID: 0}
  m_NavMeshLayer: 0
  m_StaticEditorFlags: 0
  m_IsActive: 1
--- !u!4 &914096014997703200
Transform:
  m_ObjectHideFlags: 0
  m_CorrespondingSourceObject: {fileID: 0}
  m_PrefabInstance: {fileID: 0}
  m_PrefabAsset: {fileID: 0}
  m_GameObject: {fileID: 914096014998001152}
  m_LocalRotation: {x: 0.09988201, y: -3.6409498e-10, z: -0.000000024059885, w: 0.9949993}
  m_LocalPosition: {x: -1.5099033e-14, y: 0.19306608, z: 0.000000029802322}
  m_LocalScale: {x: 1, y: 0.9999999, z: 0.9999999}
  m_Children:
  - {fileID: 914096014997703206}
  m_Father: {fileID: 914096014997703202}
  m_RootOrder: 0
  m_LocalEulerAnglesHint: {x: 0, y: 0, z: 0}
--- !u!1 &914096014998001154
GameObject:
  m_ObjectHideFlags: 0
  m_CorrespondingSourceObject: {fileID: 0}
  m_PrefabInstance: {fileID: 0}
  m_PrefabAsset: {fileID: 0}
  serializedVersion: 6
  m_Component:
  - component: {fileID: 914096014997703202}
  m_Layer: 0
  m_Name: hair.006
  m_TagString: Untagged
  m_Icon: {fileID: 0}
  m_NavMeshLayer: 0
  m_StaticEditorFlags: 0
  m_IsActive: 1
--- !u!4 &914096014997703202
Transform:
  m_ObjectHideFlags: 0
  m_CorrespondingSourceObject: {fileID: 0}
  m_PrefabInstance: {fileID: 0}
  m_PrefabAsset: {fileID: 0}
  m_GameObject: {fileID: 914096014998001154}
  m_LocalRotation: {x: 0.0000000046028994, y: 0.9891088, z: -0.1471862, w: 0.0000002685636}
  m_LocalPosition: {x: 5.7731597e-15, y: 0.19346087, z: 0.000000009313227}
  m_LocalScale: {x: 1, y: 1.0000001, z: 0.99999994}
  m_Children:
  - {fileID: 914096014997703200}
  m_Father: {fileID: 914096014997703212}
  m_RootOrder: 0
  m_LocalEulerAnglesHint: {x: 0, y: 0, z: 0}
--- !u!1 &914096014998001156
GameObject:
  m_ObjectHideFlags: 0
  m_CorrespondingSourceObject: {fileID: 0}
  m_PrefabInstance: {fileID: 0}
  m_PrefabAsset: {fileID: 0}
  serializedVersion: 6
  m_Component:
  - component: {fileID: 914096014997703204}
  m_Layer: 0
  m_Name: hair.009
  m_TagString: Untagged
  m_Icon: {fileID: 0}
  m_NavMeshLayer: 0
  m_StaticEditorFlags: 0
  m_IsActive: 1
--- !u!4 &914096014997703204
Transform:
  m_ObjectHideFlags: 0
  m_CorrespondingSourceObject: {fileID: 0}
  m_PrefabInstance: {fileID: 0}
  m_PrefabAsset: {fileID: 0}
  m_GameObject: {fileID: 914096014998001156}
  m_LocalRotation: {x: 0.8215653, y: -0.09476797, z: -0.0346085, w: 0.5611166}
  m_LocalPosition: {x: -0.03273925, y: 0.19616044, z: 0.093093365}
  m_LocalScale: {x: 0.99999994, y: 1, z: 0.9999999}
  m_Children:
  - {fileID: 914096014997703226}
  m_Father: {fileID: 914096014997703216}
  m_RootOrder: 2
  m_LocalEulerAnglesHint: {x: 0, y: 0, z: 0}
--- !u!1 &914096014998001158
GameObject:
  m_ObjectHideFlags: 0
  m_CorrespondingSourceObject: {fileID: 0}
  m_PrefabInstance: {fileID: 0}
  m_PrefabAsset: {fileID: 0}
  serializedVersion: 6
  m_Component:
  - component: {fileID: 914096014997703206}
  m_Layer: 0
  m_Name: hair.008
  m_TagString: Untagged
  m_Icon: {fileID: 0}
  m_NavMeshLayer: 0
  m_StaticEditorFlags: 0
  m_IsActive: 1
--- !u!4 &914096014997703206
Transform:
  m_ObjectHideFlags: 0
  m_CorrespondingSourceObject: {fileID: 0}
  m_PrefabInstance: {fileID: 0}
  m_PrefabAsset: {fileID: 0}
  m_GameObject: {fileID: 914096014998001158}
  m_LocalRotation: {x: -0.123823, y: -0.0000005897339, z: 0.0000001014961, w: 0.9923043}
  m_LocalPosition: {x: -3.5527137e-15, y: 0.15623477, z: -0.000000029802322}
  m_LocalScale: {x: 1, y: 0.99999994, z: 0.99999994}
  m_Children: []
  m_Father: {fileID: 914096014997703200}
  m_RootOrder: 0
  m_LocalEulerAnglesHint: {x: 0, y: 0, z: 0}
--- !u!1 &914096014998001160
GameObject:
  m_ObjectHideFlags: 0
  m_CorrespondingSourceObject: {fileID: 0}
  m_PrefabInstance: {fileID: 0}
  m_PrefabAsset: {fileID: 0}
  serializedVersion: 6
  m_Component:
  - component: {fileID: 914096014997703208}
  m_Layer: 0
  m_Name: hair.003
  m_TagString: Untagged
  m_Icon: {fileID: 0}
  m_NavMeshLayer: 0
  m_StaticEditorFlags: 0
  m_IsActive: 1
--- !u!4 &914096014997703208
Transform:
  m_ObjectHideFlags: 0
  m_CorrespondingSourceObject: {fileID: 0}
  m_PrefabInstance: {fileID: 0}
  m_PrefabAsset: {fileID: 0}
  m_GameObject: {fileID: 914096014998001160}
  m_LocalRotation: {x: -0.23184754, y: -1.8973986e-10, z: -0.000000055271375, w: 0.97275215}
  m_LocalPosition: {x: -8.743006e-15, y: 0.13307063, z: 0.00000008940697}
  m_LocalScale: {x: 1, y: 0.99999994, z: 0.99999994}
  m_Children:
  - {fileID: 914096014997703214}
  m_Father: {fileID: 914096014997703210}
  m_RootOrder: 0
  m_LocalEulerAnglesHint: {x: 0, y: 0, z: 0}
--- !u!1 &914096014998001162
GameObject:
  m_ObjectHideFlags: 0
  m_CorrespondingSourceObject: {fileID: 0}
  m_PrefabInstance: {fileID: 0}
  m_PrefabAsset: {fileID: 0}
  serializedVersion: 6
  m_Component:
  - component: {fileID: 914096014997703210}
  m_Layer: 0
  m_Name: hair.002
  m_TagString: Untagged
  m_Icon: {fileID: 0}
  m_NavMeshLayer: 0
  m_StaticEditorFlags: 0
  m_IsActive: 1
--- !u!4 &914096014997703210
Transform:
  m_ObjectHideFlags: 0
  m_CorrespondingSourceObject: {fileID: 0}
  m_PrefabInstance: {fileID: 0}
  m_PrefabAsset: {fileID: 0}
  m_GameObject: {fileID: 914096014998001162}
  m_LocalRotation: {x: -0.5570016, y: 0.000000098740536, z: -0.00000006671843, w: 0.8305115}
  m_LocalPosition: {x: 2.7755576e-17, y: 0.102131516, z: -0.00000010430813}
  m_LocalScale: {x: 1, y: 1, z: 0.99999994}
  m_Children:
  - {fileID: 914096014997703208}
  m_Father: {fileID: 914096014997703252}
  m_RootOrder: 0
  m_LocalEulerAnglesHint: {x: 0, y: 0, z: 0}
--- !u!1 &914096014998001164
GameObject:
  m_ObjectHideFlags: 0
  m_CorrespondingSourceObject: {fileID: 0}
  m_PrefabInstance: {fileID: 0}
  m_PrefabAsset: {fileID: 0}
  serializedVersion: 6
  m_Component:
  - component: {fileID: 914096014997703212}
  m_Layer: 0
  m_Name: hair.005
  m_TagString: Untagged
  m_Icon: {fileID: 0}
  m_NavMeshLayer: 0
  m_StaticEditorFlags: 0
  m_IsActive: 1
--- !u!4 &914096014997703212
Transform:
  m_ObjectHideFlags: 0
  m_CorrespondingSourceObject: {fileID: 0}
  m_PrefabInstance: {fileID: 0}
  m_PrefabAsset: {fileID: 0}
  m_GameObject: {fileID: 914096014998001164}
  m_LocalRotation: {x: -0.08249939, y: -0.0000000023938211, z: -0.00000003129484,
    w: 0.99659115}
  m_LocalPosition: {x: -2.6700864e-14, y: 0.15581003, z: 2.7755576e-16}
  m_LocalScale: {x: 1, y: 0.9999999, z: 0.99999994}
  m_Children:
  - {fileID: 914096014997703202}
  m_Father: {fileID: 914096014997703214}
  m_RootOrder: 0
  m_LocalEulerAnglesHint: {x: 0, y: 0, z: 0}
--- !u!1 &914096014998001166
GameObject:
  m_ObjectHideFlags: 0
  m_CorrespondingSourceObject: {fileID: 0}
  m_PrefabInstance: {fileID: 0}
  m_PrefabAsset: {fileID: 0}
  serializedVersion: 6
  m_Component:
  - component: {fileID: 914096014997703214}
  m_Layer: 0
  m_Name: hair.004
  m_TagString: Untagged
  m_Icon: {fileID: 0}
  m_NavMeshLayer: 0
  m_StaticEditorFlags: 0
  m_IsActive: 1
--- !u!4 &914096014997703214
Transform:
  m_ObjectHideFlags: 0
  m_CorrespondingSourceObject: {fileID: 0}
  m_PrefabInstance: {fileID: 0}
  m_PrefabAsset: {fileID: 0}
  m_GameObject: {fileID: 914096014998001166}
  m_LocalRotation: {x: 0.000000046120295, y: 0.9792714, z: -0.2025524, w: -0.00000014551617}
  m_LocalPosition: {x: 2.4008573e-15, y: 0.19122592, z: 0.000000029802322}
  m_LocalScale: {x: 1, y: 1.0000002, z: 1}
  m_Children:
  - {fileID: 914096014997703212}
  m_Father: {fileID: 914096014997703208}
  m_RootOrder: 0
  m_LocalEulerAnglesHint: {x: 0, y: 0, z: 0}
--- !u!1 &914096014998001168
GameObject:
  m_ObjectHideFlags: 0
  m_CorrespondingSourceObject: {fileID: 0}
  m_PrefabInstance: {fileID: 0}
  m_PrefabAsset: {fileID: 0}
  serializedVersion: 6
  m_Component:
  - component: {fileID: 914096014997703216}
  m_Layer: 0
  m_Name: head
  m_TagString: Untagged
  m_Icon: {fileID: 0}
  m_NavMeshLayer: 0
  m_StaticEditorFlags: 0
  m_IsActive: 1
--- !u!4 &914096014997703216
Transform:
  m_ObjectHideFlags: 0
  m_CorrespondingSourceObject: {fileID: 0}
  m_PrefabInstance: {fileID: 0}
  m_PrefabAsset: {fileID: 0}
  m_GameObject: {fileID: 914096014998001168}
  m_LocalRotation: {x: 0.02463437, y: -8.59588e-10, z: -0.0000000067683503, w: 0.99969655}
  m_LocalPosition: {x: 1.5543122e-15, y: 0.08185789, z: 0.0000000018626451}
  m_LocalScale: {x: 1, y: 1.0000001, z: 1}
  m_Children:
  - {fileID: 914096014997703272}
  - {fileID: 914096014997703254}
  - {fileID: 914096014997703204}
  - {fileID: 914096014997703170}
  - {fileID: 914096014997703168}
  - {fileID: 914096014997703172}
  - {fileID: 914096014997703194}
  m_Father: {fileID: 914096014997703178}
  m_RootOrder: 0
  m_LocalEulerAnglesHint: {x: 0, y: 0, z: 0}
--- !u!1 &914096014998001170
GameObject:
  m_ObjectHideFlags: 0
  m_CorrespondingSourceObject: {fileID: 0}
  m_PrefabInstance: {fileID: 0}
  m_PrefabAsset: {fileID: 0}
  serializedVersion: 6
  m_Component:
  - component: {fileID: 914096014997703218}
  m_Layer: 0
  m_Name: hand.R
  m_TagString: Untagged
  m_Icon: {fileID: 0}
  m_NavMeshLayer: 0
  m_StaticEditorFlags: 0
  m_IsActive: 1
--- !u!4 &914096014997703218
Transform:
  m_ObjectHideFlags: 0
  m_CorrespondingSourceObject: {fileID: 0}
  m_PrefabInstance: {fileID: 0}
  m_PrefabAsset: {fileID: 0}
  m_GameObject: {fileID: 914096014998001170}
  m_LocalRotation: {x: 0.03182656, y: 0.003502184, z: -0.12838343, w: 0.9912076}
  m_LocalPosition: {x: -0.00000002053639, y: 0.2722838, z: -0.0000000018626451}
  m_LocalScale: {x: 0.99999994, y: 1, z: 1}
  m_Children:
  - {fileID: 914096014997703276}
  - {fileID: 914096014997703288}
  - {fileID: 914096014997703284}
  - {fileID: 914096014997703232}
  - {fileID: 914096014997703184}
  m_Father: {fileID: 914096014997703248}
  m_RootOrder: 0
  m_LocalEulerAnglesHint: {x: 0, y: 0, z: 0}
--- !u!1 &914096014998001172
GameObject:
  m_ObjectHideFlags: 0
  m_CorrespondingSourceObject: {fileID: 0}
  m_PrefabInstance: {fileID: 0}
  m_PrefabAsset: {fileID: 0}
  serializedVersion: 6
  m_Component:
  - component: {fileID: 914096014997703220}
  m_Layer: 0
  m_Name: metarig
  m_TagString: Untagged
  m_Icon: {fileID: 0}
  m_NavMeshLayer: 0
  m_StaticEditorFlags: 0
  m_IsActive: 1
--- !u!4 &914096014997703220
Transform:
  m_ObjectHideFlags: 0
  m_CorrespondingSourceObject: {fileID: 0}
  m_PrefabInstance: {fileID: 0}
  m_PrefabAsset: {fileID: 0}
  m_GameObject: {fileID: 914096014998001172}
  m_LocalRotation: {x: -0.7071068, y: 0, z: 0, w: 0.7071068}
  m_LocalPosition: {x: 0, y: 0, z: 0}
  m_LocalScale: {x: 1, y: 1, z: 1}
  m_Children:
  - {fileID: 914096014997703222}
  m_Father: {fileID: 914096014997703648}
  m_RootOrder: 0
  m_LocalEulerAnglesHint: {x: -90, y: 0, z: 0}
--- !u!1 &914096014998001174
GameObject:
  m_ObjectHideFlags: 0
  m_CorrespondingSourceObject: {fileID: 0}
  m_PrefabInstance: {fileID: 0}
  m_PrefabAsset: {fileID: 0}
  serializedVersion: 6
  m_Component:
  - component: {fileID: 914096014997703222}
  m_Layer: 0
  m_Name: hips
  m_TagString: Untagged
  m_Icon: {fileID: 0}
  m_NavMeshLayer: 0
  m_StaticEditorFlags: 0
  m_IsActive: 1
--- !u!4 &914096014997703222
Transform:
  m_ObjectHideFlags: 0
  m_CorrespondingSourceObject: {fileID: 0}
  m_PrefabInstance: {fileID: 0}
  m_PrefabAsset: {fileID: 0}
  m_GameObject: {fileID: 914096014998001174}
  m_LocalRotation: {x: 0.71850085, y: 0.00000008291322, z: 0.00000008565199, w: 0.69552606}
  m_LocalPosition: {x: -1.569658e-17, y: -0.017971948, z: 1.0600398}
  m_LocalScale: {x: 1, y: 1, z: 1}
  m_Children:
  - {fileID: 914096014997703192}
  - {fileID: 914096014997703198}
  - {fileID: 914096014997703196}
  m_Father: {fileID: 914096014997703220}
  m_RootOrder: 0
  m_LocalEulerAnglesHint: {x: 0, y: 0, z: 0}
--- !u!1 &914096014998001176
GameObject:
  m_ObjectHideFlags: 0
  m_CorrespondingSourceObject: {fileID: 0}
  m_PrefabInstance: {fileID: 0}
  m_PrefabAsset: {fileID: 0}
  serializedVersion: 6
  m_Component:
  - component: {fileID: 914096014997703224}
  m_Layer: 0
  m_Name: hair.011
  m_TagString: Untagged
  m_Icon: {fileID: 0}
  m_NavMeshLayer: 0
  m_StaticEditorFlags: 0
  m_IsActive: 1
--- !u!4 &914096014997703224
Transform:
  m_ObjectHideFlags: 0
  m_CorrespondingSourceObject: {fileID: 0}
  m_PrefabInstance: {fileID: 0}
  m_PrefabAsset: {fileID: 0}
  m_GameObject: {fileID: 914096014998001176}
  m_LocalRotation: {x: -0.0829399, y: -0.023211064, z: -0.26159298, w: 0.9613279}
  m_LocalPosition: {x: -0.000000067055225, y: 0.060419537, z: 0.000000014901161}
  m_LocalScale: {x: 1, y: 1, z: 0.99999994}
  m_Children:
  - {fileID: 914096014997703230}
  m_Father: {fileID: 914096014997703226}
  m_RootOrder: 0
  m_LocalEulerAnglesHint: {x: 0, y: 0, z: 0}
--- !u!1 &914096014998001178
GameObject:
  m_ObjectHideFlags: 0
  m_CorrespondingSourceObject: {fileID: 0}
  m_PrefabInstance: {fileID: 0}
  m_PrefabAsset: {fileID: 0}
  serializedVersion: 6
  m_Component:
  - component: {fileID: 914096014997703226}
  m_Layer: 0
  m_Name: hair.010
  m_TagString: Untagged
  m_Icon: {fileID: 0}
  m_NavMeshLayer: 0
  m_StaticEditorFlags: 0
  m_IsActive: 1
--- !u!4 &914096014997703226
Transform:
  m_ObjectHideFlags: 0
  m_CorrespondingSourceObject: {fileID: 0}
  m_PrefabInstance: {fileID: 0}
  m_PrefabAsset: {fileID: 0}
  m_GameObject: {fileID: 914096014998001178}
  m_LocalRotation: {x: -0.20644246, y: 0.8105579, z: 0.352432, w: -0.419725}
  m_LocalPosition: {x: -0.000000045634806, y: 0.07185317, z: -0.00000009126961}
  m_LocalScale: {x: 1.0000001, y: 1.0000005, z: 1}
  m_Children:
  - {fileID: 914096014997703224}
  m_Father: {fileID: 914096014997703204}
  m_RootOrder: 0
  m_LocalEulerAnglesHint: {x: 0, y: 0, z: 0}
--- !u!1 &914096014998001180
GameObject:
  m_ObjectHideFlags: 0
  m_CorrespondingSourceObject: {fileID: 0}
  m_PrefabInstance: {fileID: 0}
  m_PrefabAsset: {fileID: 0}
  serializedVersion: 6
  m_Component:
  - component: {fileID: 914096014997703228}
  m_Layer: 0
  m_Name: hand.L
  m_TagString: Untagged
  m_Icon: {fileID: 0}
  m_NavMeshLayer: 0
  m_StaticEditorFlags: 0
  m_IsActive: 1
--- !u!4 &914096014997703228
Transform:
  m_ObjectHideFlags: 0
  m_CorrespondingSourceObject: {fileID: 0}
  m_PrefabInstance: {fileID: 0}
  m_PrefabAsset: {fileID: 0}
  m_GameObject: {fileID: 914096014998001180}
  m_LocalRotation: {x: 0.031826552, y: -0.0035021966, z: 0.12838343, w: 0.9912076}
  m_LocalPosition: {x: 0.000000020532752, y: 0.27228385, z: 4.656613e-10}
  m_LocalScale: {x: 1, y: 1, z: 1}
  m_Children:
  - {fileID: 914096014997703278}
  - {fileID: 914096014997703290}
  - {fileID: 914096014997703286}
  - {fileID: 914096014997703234}
  - {fileID: 914096014997703186}
  m_Father: {fileID: 914096014997703250}
  m_RootOrder: 0
  m_LocalEulerAnglesHint: {x: 0, y: 0, z: 0}
--- !u!1 &914096014998001182
GameObject:
  m_ObjectHideFlags: 0
  m_CorrespondingSourceObject: {fileID: 0}
  m_PrefabInstance: {fileID: 0}
  m_PrefabAsset: {fileID: 0}
  serializedVersion: 6
  m_Component:
  - component: {fileID: 914096014997703230}
  m_Layer: 0
  m_Name: hair.012
  m_TagString: Untagged
  m_Icon: {fileID: 0}
  m_NavMeshLayer: 0
  m_StaticEditorFlags: 0
  m_IsActive: 1
--- !u!4 &914096014997703230
Transform:
  m_ObjectHideFlags: 0
  m_CorrespondingSourceObject: {fileID: 0}
  m_PrefabInstance: {fileID: 0}
  m_PrefabAsset: {fileID: 0}
  m_GameObject: {fileID: 914096014998001182}
  m_LocalRotation: {x: 0.021113914, y: 0.74142087, z: -0.18617232, w: 0.64435184}
  m_LocalPosition: {x: -0.000000007450581, y: 0.057898387, z: 0.000000014901161}
  m_LocalScale: {x: 1, y: 1.0000001, z: 1}
  m_Children: []
  m_Father: {fileID: 914096014997703224}
  m_RootOrder: 0
  m_LocalEulerAnglesHint: {x: 0, y: 0, z: 0}
--- !u!1 &914096014998001184
GameObject:
  m_ObjectHideFlags: 0
  m_CorrespondingSourceObject: {fileID: 0}
  m_PrefabInstance: {fileID: 0}
  m_PrefabAsset: {fileID: 0}
  serializedVersion: 6
  m_Component:
  - component: {fileID: 914096014997703232}
  m_Layer: 0
  m_Name: f_ring.01.R
  m_TagString: Untagged
  m_Icon: {fileID: 0}
  m_NavMeshLayer: 0
  m_StaticEditorFlags: 0
  m_IsActive: 1
--- !u!4 &914096014997703232
Transform:
  m_ObjectHideFlags: 0
  m_CorrespondingSourceObject: {fileID: 0}
  m_PrefabInstance: {fileID: 0}
  m_PrefabAsset: {fileID: 0}
  m_GameObject: {fileID: 914096014998001184}
  m_LocalRotation: {x: 0.111352324, y: 0.66454387, z: -0.22298054, w: 0.7044585}
  m_LocalPosition: {x: -0.0005829224, y: 0.09120905, z: -0.014937616}
  m_LocalScale: {x: 0.99999994, y: 1, z: 1}
  m_Children:
  - {fileID: 914096014997703236}
  m_Father: {fileID: 914096014997703218}
  m_RootOrder: 3
  m_LocalEulerAnglesHint: {x: 0, y: 0, z: 0}
--- !u!1 &914096014998001186
GameObject:
  m_ObjectHideFlags: 0
  m_CorrespondingSourceObject: {fileID: 0}
  m_PrefabInstance: {fileID: 0}
  m_PrefabAsset: {fileID: 0}
  serializedVersion: 6
  m_Component:
  - component: {fileID: 914096014997703234}
  m_Layer: 0
  m_Name: f_ring.01.L
  m_TagString: Untagged
  m_Icon: {fileID: 0}
  m_NavMeshLayer: 0
  m_StaticEditorFlags: 0
  m_IsActive: 1
--- !u!4 &914096014997703234
Transform:
  m_ObjectHideFlags: 0
  m_CorrespondingSourceObject: {fileID: 0}
  m_PrefabInstance: {fileID: 0}
  m_PrefabAsset: {fileID: 0}
  m_GameObject: {fileID: 914096014998001186}
  m_LocalRotation: {x: 0.11135242, y: -0.6645439, z: 0.22298068, w: 0.7044584}
  m_LocalPosition: {x: 0.00058301195, y: 0.09120905, z: -0.014937619}
  m_LocalScale: {x: 0.99999994, y: 1, z: 1}
  m_Children:
  - {fileID: 914096014997703238}
  m_Father: {fileID: 914096014997703228}
  m_RootOrder: 3
  m_LocalEulerAnglesHint: {x: 0, y: 0, z: 0}
--- !u!1 &914096014998001188
GameObject:
  m_ObjectHideFlags: 0
  m_CorrespondingSourceObject: {fileID: 0}
  m_PrefabInstance: {fileID: 0}
  m_PrefabAsset: {fileID: 0}
  serializedVersion: 6
  m_Component:
  - component: {fileID: 914096014997703236}
  m_Layer: 0
  m_Name: f_ring.02.R
  m_TagString: Untagged
  m_Icon: {fileID: 0}
  m_NavMeshLayer: 0
  m_StaticEditorFlags: 0
  m_IsActive: 1
--- !u!4 &914096014997703236
Transform:
  m_ObjectHideFlags: 0
  m_CorrespondingSourceObject: {fileID: 0}
  m_PrefabInstance: {fileID: 0}
  m_PrefabAsset: {fileID: 0}
  m_GameObject: {fileID: 914096014998001188}
  m_LocalRotation: {x: -0.047963776, y: -0.00020861498, z: -0.0040074713, w: 0.99884105}
  m_LocalPosition: {x: 0.000000008731149, y: 0.046899337, z: -0.000000078212906}
  m_LocalScale: {x: 0.9999999, y: 0.9999999, z: 1}
  m_Children:
  - {fileID: 914096014997703256}
  m_Father: {fileID: 914096014997703232}
  m_RootOrder: 0
  m_LocalEulerAnglesHint: {x: 0, y: 0, z: 0}
--- !u!1 &914096014998001190
GameObject:
  m_ObjectHideFlags: 0
  m_CorrespondingSourceObject: {fileID: 0}
  m_PrefabInstance: {fileID: 0}
  m_PrefabAsset: {fileID: 0}
  serializedVersion: 6
  m_Component:
  - component: {fileID: 914096014997703238}
  m_Layer: 0
  m_Name: f_ring.02.L
  m_TagString: Untagged
  m_Icon: {fileID: 0}
  m_NavMeshLayer: 0
  m_StaticEditorFlags: 0
  m_IsActive: 1
--- !u!4 &914096014997703238
Transform:
  m_ObjectHideFlags: 0
  m_CorrespondingSourceObject: {fileID: 0}
  m_PrefabInstance: {fileID: 0}
  m_PrefabAsset: {fileID: 0}
  m_GameObject: {fileID: 914096014998001190}
  m_LocalRotation: {x: -0.047963824, y: 0.00020864015, z: 0.0040075006, w: 0.99884105}
  m_LocalPosition: {x: -3.4924597e-10, y: 0.04689944, z: 0.000000011543307}
  m_LocalScale: {x: 0.9999999, y: 0.99999994, z: 1}
  m_Children:
  - {fileID: 914096014997703258}
  m_Father: {fileID: 914096014997703234}
  m_RootOrder: 0
  m_LocalEulerAnglesHint: {x: 0, y: 0, z: 0}
--- !u!1 &914096014998001192
GameObject:
  m_ObjectHideFlags: 0
  m_CorrespondingSourceObject: {fileID: 0}
  m_PrefabInstance: {fileID: 0}
  m_PrefabAsset: {fileID: 0}
  serializedVersion: 6
  m_Component:
  - component: {fileID: 914096014997703240}
  m_Layer: 0
  m_Name: f_pinky.02.R
  m_TagString: Untagged
  m_Icon: {fileID: 0}
  m_NavMeshLayer: 0
  m_StaticEditorFlags: 0
  m_IsActive: 1
--- !u!4 &914096014997703240
Transform:
  m_ObjectHideFlags: 0
  m_CorrespondingSourceObject: {fileID: 0}
  m_PrefabInstance: {fileID: 0}
  m_PrefabAsset: {fileID: 0}
  m_GameObject: {fileID: 914096014998001192}
  m_LocalRotation: {x: -0.014795134, y: 0.00018516752, z: 0.006571433, w: 0.999869}
  m_LocalPosition: {x: 0.000000018626451, y: 0.028345369, z: -0.000000061583705}
  m_LocalScale: {x: 1, y: 0.9999999, z: 0.99999994}
  m_Children:
  - {fileID: 914096014997703244}
  m_Father: {fileID: 914096014997703284}
  m_RootOrder: 0
  m_LocalEulerAnglesHint: {x: 0, y: 0, z: 0}
--- !u!1 &914096014998001194
GameObject:
  m_ObjectHideFlags: 0
  m_CorrespondingSourceObject: {fileID: 0}
  m_PrefabInstance: {fileID: 0}
  m_PrefabAsset: {fileID: 0}
  serializedVersion: 6
  m_Component:
  - component: {fileID: 914096014997703242}
  m_Layer: 0
  m_Name: f_pinky.02.L
  m_TagString: Untagged
  m_Icon: {fileID: 0}
  m_NavMeshLayer: 0
  m_StaticEditorFlags: 0
  m_IsActive: 1
--- !u!4 &914096014997703242
Transform:
  m_ObjectHideFlags: 0
  m_CorrespondingSourceObject: {fileID: 0}
  m_PrefabInstance: {fileID: 0}
  m_PrefabAsset: {fileID: 0}
  m_GameObject: {fileID: 914096014998001194}
  m_LocalRotation: {x: -0.014795087, y: -0.00018515259, z: -0.0065714084, w: 0.999869}
  m_LocalPosition: {x: 0.000000009313226, y: 0.028345322, z: 0.000000028172508}
  m_LocalScale: {x: 1, y: 0.99999994, z: 1}
  m_Children:
  - {fileID: 914096014997703246}
  m_Father: {fileID: 914096014997703286}
  m_RootOrder: 0
  m_LocalEulerAnglesHint: {x: 0, y: 0, z: 0}
--- !u!1 &914096014998001196
GameObject:
  m_ObjectHideFlags: 0
  m_CorrespondingSourceObject: {fileID: 0}
  m_PrefabInstance: {fileID: 0}
  m_PrefabAsset: {fileID: 0}
  serializedVersion: 6
  m_Component:
  - component: {fileID: 914096014997703244}
  m_Layer: 0
  m_Name: f_pinky.03.R
  m_TagString: Untagged
  m_Icon: {fileID: 0}
  m_NavMeshLayer: 0
  m_StaticEditorFlags: 0
  m_IsActive: 1
--- !u!4 &914096014997703244
Transform:
  m_ObjectHideFlags: 0
  m_CorrespondingSourceObject: {fileID: 0}
  m_PrefabInstance: {fileID: 0}
  m_PrefabAsset: {fileID: 0}
  m_GameObject: {fileID: 914096014998001196}
  m_LocalRotation: {x: -0.054518845, y: 0.000032930464, z: -0.003115517, w: 0.9985079}
  m_LocalPosition: {x: 0.000000018626451, y: 0.021967076, z: -0.00000011525117}
  m_LocalScale: {x: 1, y: 1, z: 1}
  m_Children: []
  m_Father: {fileID: 914096014997703240}
  m_RootOrder: 0
  m_LocalEulerAnglesHint: {x: 0, y: 0, z: 0}
--- !u!1 &914096014998001198
GameObject:
  m_ObjectHideFlags: 0
  m_CorrespondingSourceObject: {fileID: 0}
  m_PrefabInstance: {fileID: 0}
  m_PrefabAsset: {fileID: 0}
  serializedVersion: 6
  m_Component:
  - component: {fileID: 914096014997703246}
  m_Layer: 0
  m_Name: f_pinky.03.L
  m_TagString: Untagged
  m_Icon: {fileID: 0}
  m_NavMeshLayer: 0
  m_StaticEditorFlags: 0
  m_IsActive: 1
--- !u!4 &914096014997703246
Transform:
  m_ObjectHideFlags: 0
  m_CorrespondingSourceObject: {fileID: 0}
  m_PrefabInstance: {fileID: 0}
  m_PrefabAsset: {fileID: 0}
  m_GameObject: {fileID: 914096014998001198}
  m_LocalRotation: {x: -0.054518897, y: -0.000032934637, z: 0.0031155404, w: 0.9985079}
  m_LocalPosition: {x: -0.0000000018626451, y: 0.021966865, z: 0.00000006239861}
  m_LocalScale: {x: 0.99999994, y: 1, z: 0.99999994}
  m_Children: []
  m_Father: {fileID: 914096014997703242}
  m_RootOrder: 0
  m_LocalEulerAnglesHint: {x: 0, y: 0, z: 0}
--- !u!1 &914096014998001200
GameObject:
  m_ObjectHideFlags: 0
  m_CorrespondingSourceObject: {fileID: 0}
  m_PrefabInstance: {fileID: 0}
  m_PrefabAsset: {fileID: 0}
  serializedVersion: 6
  m_Component:
  - component: {fileID: 914096014997703248}
  m_Layer: 0
  m_Name: forearm.R
  m_TagString: Untagged
  m_Icon: {fileID: 0}
  m_NavMeshLayer: 0
  m_StaticEditorFlags: 0
  m_IsActive: 1
--- !u!4 &914096014997703248
Transform:
  m_ObjectHideFlags: 0
  m_CorrespondingSourceObject: {fileID: 0}
  m_PrefabInstance: {fileID: 0}
  m_PrefabAsset: {fileID: 0}
  m_GameObject: {fileID: 914096014998001200}
  m_LocalRotation: {x: 0.006797078, y: -0.017884467, z: 0.01931151, w: 0.99963045}
  m_LocalPosition: {x: 0.00000006695336, y: 0.22475375, z: 0.0000000041909516}
  m_LocalScale: {x: 1, y: 1.0000001, z: 1.0000001}
  m_Children:
  - {fileID: 914096014997703218}
  m_Father: {fileID: 914096014997703674}
  m_RootOrder: 0
  m_LocalEulerAnglesHint: {x: 0, y: 0, z: 0}
--- !u!1 &914096014998001202
GameObject:
  m_ObjectHideFlags: 0
  m_CorrespondingSourceObject: {fileID: 0}
  m_PrefabInstance: {fileID: 0}
  m_PrefabAsset: {fileID: 0}
  serializedVersion: 6
  m_Component:
  - component: {fileID: 914096014997703250}
  m_Layer: 0
  m_Name: forearm.L
  m_TagString: Untagged
  m_Icon: {fileID: 0}
  m_NavMeshLayer: 0
  m_StaticEditorFlags: 0
  m_IsActive: 1
--- !u!4 &914096014997703250
Transform:
  m_ObjectHideFlags: 0
  m_CorrespondingSourceObject: {fileID: 0}
  m_PrefabInstance: {fileID: 0}
  m_PrefabAsset: {fileID: 0}
  m_GameObject: {fileID: 914096014998001202}
  m_LocalRotation: {x: 0.0067970674, y: 0.017884456, z: -0.019311497, w: 0.99963045}
  m_LocalPosition: {x: -0.0000001861481, y: 0.2247537, z: 0.000000011175871}
  m_LocalScale: {x: 1, y: 1.0000001, z: 1.0000001}
  m_Children:
  - {fileID: 914096014997703228}
  m_Father: {fileID: 914096014997703652}
  m_RootOrder: 0
  m_LocalEulerAnglesHint: {x: 0, y: 0, z: 0}
--- !u!1 &914096014998001204
GameObject:
  m_ObjectHideFlags: 0
  m_CorrespondingSourceObject: {fileID: 0}
  m_PrefabInstance: {fileID: 0}
  m_PrefabAsset: {fileID: 0}
  serializedVersion: 6
  m_Component:
  - component: {fileID: 914096014997703252}
  m_Layer: 0
  m_Name: hair.001
  m_TagString: Untagged
  m_Icon: {fileID: 0}
  m_NavMeshLayer: 0
  m_StaticEditorFlags: 0
  m_IsActive: 1
--- !u!4 &914096014997703252
Transform:
  m_ObjectHideFlags: 0
  m_CorrespondingSourceObject: {fileID: 0}
  m_PrefabInstance: {fileID: 0}
  m_PrefabAsset: {fileID: 0}
  m_GameObject: {fileID: 914096014998001204}
  m_LocalRotation: {x: -0.25241408, y: -5.0779124e-11, z: 8.910315e-10, w: 0.96761936}
  m_LocalPosition: {x: -1.110223e-16, y: 0.13346103, z: -0.000000014901161}
  m_LocalScale: {x: 1, y: 1, z: 0.99999994}
  m_Children:
  - {fileID: 914096014997703210}
  m_Father: {fileID: 914096014997703254}
  m_RootOrder: 0
  m_LocalEulerAnglesHint: {x: 0, y: 0, z: 0}
--- !u!1 &914096014998001206
GameObject:
  m_ObjectHideFlags: 0
  m_CorrespondingSourceObject: {fileID: 0}
  m_PrefabInstance: {fileID: 0}
  m_PrefabAsset: {fileID: 0}
  serializedVersion: 6
  m_Component:
  - component: {fileID: 914096014997703254}
  m_Layer: 0
  m_Name: hair
  m_TagString: Untagged
  m_Icon: {fileID: 0}
  m_NavMeshLayer: 0
  m_StaticEditorFlags: 0
  m_IsActive: 1
--- !u!4 &914096014997703254
Transform:
  m_ObjectHideFlags: 0
  m_CorrespondingSourceObject: {fileID: 0}
  m_PrefabInstance: {fileID: 0}
  m_PrefabAsset: {fileID: 0}
  m_GameObject: {fileID: 914096014998001206}
  m_LocalRotation: {x: -0.43874675, y: 0.000000106377804, z: 0.00000005188064, w: 0.8986108}
  m_LocalPosition: {x: -0.00000001551857, y: 0.24927752, z: -0.062288716}
  m_LocalScale: {x: 1, y: 0.99999994, z: 0.9999999}
  m_Children:
  - {fileID: 914096014997703252}
  m_Father: {fileID: 914096014997703216}
  m_RootOrder: 1
  m_LocalEulerAnglesHint: {x: 0, y: 0, z: 0}
--- !u!1 &914096014998001208
GameObject:
  m_ObjectHideFlags: 0
  m_CorrespondingSourceObject: {fileID: 0}
  m_PrefabInstance: {fileID: 0}
  m_PrefabAsset: {fileID: 0}
  serializedVersion: 6
  m_Component:
  - component: {fileID: 914096014997703256}
  m_Layer: 0
  m_Name: f_ring.03.R
  m_TagString: Untagged
  m_Icon: {fileID: 0}
  m_NavMeshLayer: 0
  m_StaticEditorFlags: 0
  m_IsActive: 1
--- !u!4 &914096014997703256
Transform:
  m_ObjectHideFlags: 0
  m_CorrespondingSourceObject: {fileID: 0}
  m_PrefabInstance: {fileID: 0}
  m_PrefabAsset: {fileID: 0}
  m_GameObject: {fileID: 914096014998001208}
  m_LocalRotation: {x: -0.015136956, y: 0.000039269766, z: -0.00353373, w: 0.9998792}
  m_LocalPosition: {x: -0.000000011874363, y: 0.026737757, z: 0.000000009145879}
  m_LocalScale: {x: 1, y: 1.0000001, z: 1.0000001}
  m_Children: []
  m_Father: {fileID: 914096014997703236}
  m_RootOrder: 0
  m_LocalEulerAnglesHint: {x: 0, y: 0, z: 0}
--- !u!1 &914096014998001210
GameObject:
  m_ObjectHideFlags: 0
  m_CorrespondingSourceObject: {fileID: 0}
  m_PrefabInstance: {fileID: 0}
  m_PrefabAsset: {fileID: 0}
  serializedVersion: 6
  m_Component:
  - component: {fileID: 914096014997703258}
  m_Layer: 0
  m_Name: f_ring.03.L
  m_TagString: Untagged
  m_Icon: {fileID: 0}
  m_NavMeshLayer: 0
  m_StaticEditorFlags: 0
  m_IsActive: 1
--- !u!4 &914096014997703258
Transform:
  m_ObjectHideFlags: 0
  m_CorrespondingSourceObject: {fileID: 0}
  m_PrefabInstance: {fileID: 0}
  m_PrefabAsset: {fileID: 0}
  m_GameObject: {fileID: 914096014998001210}
  m_LocalRotation: {x: -0.015136934, y: -0.000039269304, z: 0.0035337338, w: 0.9998792}
  m_LocalPosition: {x: -0.000000005122274, y: 0.026737772, z: 0.000000039137376}
  m_LocalScale: {x: 0.99999994, y: 1, z: 0.99999994}
  m_Children: []
  m_Father: {fileID: 914096014997703238}
  m_RootOrder: 0
  m_LocalEulerAnglesHint: {x: 0, y: 0, z: 0}
--- !u!1 &914096014998001212
GameObject:
  m_ObjectHideFlags: 0
  m_CorrespondingSourceObject: {fileID: 0}
  m_PrefabInstance: {fileID: 0}
  m_PrefabAsset: {fileID: 0}
  serializedVersion: 6
  m_Component:
  - component: {fileID: 914096014997703260}
  m_Layer: 0
  m_Name: foot.R
  m_TagString: Untagged
  m_Icon: {fileID: 0}
  m_NavMeshLayer: 0
  m_StaticEditorFlags: 0
  m_IsActive: 1
--- !u!4 &914096014997703260
Transform:
  m_ObjectHideFlags: 0
  m_CorrespondingSourceObject: {fileID: 0}
  m_PrefabInstance: {fileID: 0}
  m_PrefabAsset: {fileID: 0}
  m_GameObject: {fileID: 914096014998001212}
  m_LocalRotation: {x: -0.54754585, y: -0.034872595, z: 0.0016102677, w: 0.8360472}
  m_LocalPosition: {x: -0.000000014195393, y: 0.5590685, z: 0.0000000019208528}
  m_LocalScale: {x: 0.99999994, y: 0.99999994, z: 0.99999994}
  m_Children:
  - {fileID: 914096014997703660}
  m_Father: {fileID: 914096014997703182}
  m_RootOrder: 0
  m_LocalEulerAnglesHint: {x: 0, y: 0, z: 0}
--- !u!1 &914096014998001214
GameObject:
  m_ObjectHideFlags: 0
  m_CorrespondingSourceObject: {fileID: 0}
  m_PrefabInstance: {fileID: 0}
  m_PrefabAsset: {fileID: 0}
  serializedVersion: 6
  m_Component:
  - component: {fileID: 914096014997703262}
  m_Layer: 0
  m_Name: foot.L
  m_TagString: Untagged
  m_Icon: {fileID: 0}
  m_NavMeshLayer: 0
  m_StaticEditorFlags: 0
  m_IsActive: 1
--- !u!4 &914096014997703262
Transform:
  m_ObjectHideFlags: 0
  m_CorrespondingSourceObject: {fileID: 0}
  m_PrefabInstance: {fileID: 0}
  m_PrefabAsset: {fileID: 0}
  m_GameObject: {fileID: 914096014998001214}
  m_LocalRotation: {x: -0.54754615, y: 0.0348726, z: -0.0016102897, w: 0.83604705}
  m_LocalPosition: {x: -0.000000002590241, y: 0.5590685, z: 0.0000000021391315}
  m_LocalScale: {x: 0.99999994, y: 0.99999994, z: 0.99999994}
  m_Children:
  - {fileID: 914096014997703662}
  m_Father: {fileID: 914096014997703176}
  m_RootOrder: 0
  m_LocalEulerAnglesHint: {x: 0, y: 0, z: 0}
--- !u!1 &914096014998001216
GameObject:
  m_ObjectHideFlags: 0
  m_CorrespondingSourceObject: {fileID: 0}
  m_PrefabInstance: {fileID: 0}
  m_PrefabAsset: {fileID: 0}
  serializedVersion: 6
  m_Component:
  - component: {fileID: 914096014997703264}
  m_Layer: 0
  m_Name: f_index.02.R
  m_TagString: Untagged
  m_Icon: {fileID: 0}
  m_NavMeshLayer: 0
  m_StaticEditorFlags: 0
  m_IsActive: 1
--- !u!4 &914096014997703264
Transform:
  m_ObjectHideFlags: 0
  m_CorrespondingSourceObject: {fileID: 0}
  m_PrefabInstance: {fileID: 0}
  m_PrefabAsset: {fileID: 0}
  m_GameObject: {fileID: 914096014998001216}
  m_LocalRotation: {x: -0.058206208, y: -0.0003566655, z: 0.02245245, w: 0.998052}
  m_LocalPosition: {x: 4.656613e-10, y: 0.037907638, z: 0.00000012491364}
  m_LocalScale: {x: 0.99999994, y: 1, z: 0.99999994}
  m_Children:
  - {fileID: 914096014997703268}
  m_Father: {fileID: 914096014997703276}
  m_RootOrder: 0
  m_LocalEulerAnglesHint: {x: 0, y: 0, z: 0}
--- !u!1 &914096014998001218
GameObject:
  m_ObjectHideFlags: 0
  m_CorrespondingSourceObject: {fileID: 0}
  m_PrefabInstance: {fileID: 0}
  m_PrefabAsset: {fileID: 0}
  serializedVersion: 6
  m_Component:
  - component: {fileID: 914096014997703266}
  m_Layer: 0
  m_Name: f_index.02.L
  m_TagString: Untagged
  m_Icon: {fileID: 0}
  m_NavMeshLayer: 0
  m_StaticEditorFlags: 0
  m_IsActive: 1
--- !u!4 &914096014997703266
Transform:
  m_ObjectHideFlags: 0
  m_CorrespondingSourceObject: {fileID: 0}
  m_PrefabInstance: {fileID: 0}
  m_PrefabAsset: {fileID: 0}
  m_GameObject: {fileID: 914096014998001218}
  m_LocalRotation: {x: -0.058206152, y: 0.00035668464, z: -0.022452427, w: 0.998052}
  m_LocalPosition: {x: -0.0000000121071935, y: 0.03790778, z: -0.00000011071097}
  m_LocalScale: {x: 1, y: 1, z: 1.0000001}
  m_Children:
  - {fileID: 914096014997703270}
  m_Father: {fileID: 914096014997703278}
  m_RootOrder: 0
  m_LocalEulerAnglesHint: {x: 0, y: 0, z: 0}
--- !u!1 &914096014998001220
GameObject:
  m_ObjectHideFlags: 0
  m_CorrespondingSourceObject: {fileID: 0}
  m_PrefabInstance: {fileID: 0}
  m_PrefabAsset: {fileID: 0}
  serializedVersion: 6
  m_Component:
  - component: {fileID: 914096014997703268}
  m_Layer: 0
  m_Name: f_index.03.R
  m_TagString: Untagged
  m_Icon: {fileID: 0}
  m_NavMeshLayer: 0
  m_StaticEditorFlags: 0
  m_IsActive: 1
--- !u!4 &914096014997703268
Transform:
  m_ObjectHideFlags: 0
  m_CorrespondingSourceObject: {fileID: 0}
  m_PrefabInstance: {fileID: 0}
  m_PrefabAsset: {fileID: 0}
  m_GameObject: {fileID: 914096014998001220}
  m_LocalRotation: {x: 0.05079358, y: 0.00015090042, z: -0.006467009, w: 0.9986882}
  m_LocalPosition: {x: -0.000000026775524, y: 0.0234927, z: -0.00000006193295}
  m_LocalScale: {x: 1, y: 1.0000001, z: 1}
  m_Children: []
  m_Father: {fileID: 914096014997703264}
  m_RootOrder: 0
  m_LocalEulerAnglesHint: {x: 0, y: 0, z: 0}
--- !u!1 &914096014998001222
GameObject:
  m_ObjectHideFlags: 0
  m_CorrespondingSourceObject: {fileID: 0}
  m_PrefabInstance: {fileID: 0}
  m_PrefabAsset: {fileID: 0}
  serializedVersion: 6
  m_Component:
  - component: {fileID: 914096014997703270}
  m_Layer: 0
  m_Name: f_index.03.L
  m_TagString: Untagged
  m_Icon: {fileID: 0}
  m_NavMeshLayer: 0
  m_StaticEditorFlags: 0
  m_IsActive: 1
--- !u!4 &914096014997703270
Transform:
  m_ObjectHideFlags: 0
  m_CorrespondingSourceObject: {fileID: 0}
  m_PrefabInstance: {fileID: 0}
  m_PrefabAsset: {fileID: 0}
  m_GameObject: {fileID: 914096014998001222}
  m_LocalRotation: {x: 0.050793633, y: -0.00015090138, z: 0.006467013, w: 0.9986882}
  m_LocalPosition: {x: 0.000000017229468, y: 0.023492733, z: 0.00000006193295}
  m_LocalScale: {x: 1, y: 0.9999999, z: 0.99999994}
  m_Children: []
  m_Father: {fileID: 914096014997703266}
  m_RootOrder: 0
  m_LocalEulerAnglesHint: {x: 0, y: 0, z: 0}
--- !u!1 &914096014998001224
GameObject:
  m_ObjectHideFlags: 0
  m_CorrespondingSourceObject: {fileID: 0}
  m_PrefabInstance: {fileID: 0}
  m_PrefabAsset: {fileID: 0}
  serializedVersion: 6
  m_Component:
  - component: {fileID: 914096014997703272}
  m_Layer: 0
  m_Name: eye.R
  m_TagString: Untagged
  m_Icon: {fileID: 0}
  m_NavMeshLayer: 0
  m_StaticEditorFlags: 0
  m_IsActive: 1
--- !u!4 &914096014997703272
Transform:
  m_ObjectHideFlags: 0
  m_CorrespondingSourceObject: {fileID: 0}
  m_PrefabInstance: {fileID: 0}
  m_PrefabAsset: {fileID: 0}
  m_GameObject: {fileID: 914096014998001224}
  m_LocalRotation: {x: 0.036452167, y: 0.70519036, z: 0.7070724, w: -0.037770025}
  m_LocalPosition: {x: 0.041737042, y: 0.070555225, z: 0.091004364}
  m_LocalScale: {x: 1, y: 1.0000002, z: 0.9999998}
  m_Children: []
  m_Father: {fileID: 914096014997703216}
  m_RootOrder: 0
  m_LocalEulerAnglesHint: {x: 0, y: 0, z: 0}
--- !u!1 &914096014998001226
GameObject:
  m_ObjectHideFlags: 0
  m_CorrespondingSourceObject: {fileID: 0}
  m_PrefabInstance: {fileID: 0}
  m_PrefabAsset: {fileID: 0}
  serializedVersion: 6
  m_Component:
  - component: {fileID: 914096014997703274}
  m_Layer: 0
  m_Name: chest
  m_TagString: Untagged
  m_Icon: {fileID: 0}
  m_NavMeshLayer: 0
  m_StaticEditorFlags: 0
  m_IsActive: 1
--- !u!4 &914096014997703274
Transform:
  m_ObjectHideFlags: 0
  m_CorrespondingSourceObject: {fileID: 0}
  m_PrefabInstance: {fileID: 0}
  m_PrefabAsset: {fileID: 0}
  m_GameObject: {fileID: 914096014998001226}
  m_LocalRotation: {x: -0.048461452, y: -0.00000036133423, z: 0.0000000012574473,
    w: 0.9988251}
  m_LocalPosition: {x: 5.551115e-17, y: 0.17399693, z: -0.000000011175871}
  m_LocalScale: {x: 1, y: 0.99999994, z: 0.99999994}
  m_Children:
  - {fileID: 914096014997703654}
  m_Father: {fileID: 914096014997703192}
  m_RootOrder: 0
  m_LocalEulerAnglesHint: {x: 0, y: 0, z: 0}
--- !u!1 &914096014998001228
GameObject:
  m_ObjectHideFlags: 0
  m_CorrespondingSourceObject: {fileID: 0}
  m_PrefabInstance: {fileID: 0}
  m_PrefabAsset: {fileID: 0}
  serializedVersion: 6
  m_Component:
  - component: {fileID: 914096014997703276}
  m_Layer: 0
  m_Name: f_index.01.R
  m_TagString: Untagged
  m_Icon: {fileID: 0}
  m_NavMeshLayer: 0
  m_StaticEditorFlags: 0
  m_IsActive: 1
--- !u!4 &914096014997703276
Transform:
  m_ObjectHideFlags: 0
  m_CorrespondingSourceObject: {fileID: 0}
  m_PrefabInstance: {fileID: 0}
  m_PrefabAsset: {fileID: 0}
  m_GameObject: {fileID: 914096014998001228}
  m_LocalRotation: {x: 0.13801163, y: 0.6648245, z: -0.15381564, w: 0.7178454}
  m_LocalPosition: {x: -0.0013496864, y: 0.10083886, z: 0.028809652}
  m_LocalScale: {x: 1, y: 1, z: 1}
  m_Children:
  - {fileID: 914096014997703264}
  m_Father: {fileID: 914096014997703218}
  m_RootOrder: 0
  m_LocalEulerAnglesHint: {x: 0, y: 0, z: 0}
--- !u!1 &914096014998001230
GameObject:
  m_ObjectHideFlags: 0
  m_CorrespondingSourceObject: {fileID: 0}
  m_PrefabInstance: {fileID: 0}
  m_PrefabAsset: {fileID: 0}
  serializedVersion: 6
  m_Component:
  - component: {fileID: 914096014997703278}
  m_Layer: 0
  m_Name: f_index.01.L
  m_TagString: Untagged
  m_Icon: {fileID: 0}
  m_NavMeshLayer: 0
  m_StaticEditorFlags: 0
  m_IsActive: 1
--- !u!4 &914096014997703278
Transform:
  m_ObjectHideFlags: 0
  m_CorrespondingSourceObject: {fileID: 0}
  m_PrefabInstance: {fileID: 0}
  m_PrefabAsset: {fileID: 0}
  m_GameObject: {fileID: 914096014998001230}
  m_LocalRotation: {x: 0.1380116, y: -0.6648245, z: 0.15381545, w: 0.7178454}
  m_LocalPosition: {x: 0.001349776, y: 0.100838855, z: 0.028809648}
  m_LocalScale: {x: 0.99999994, y: 0.99999994, z: 0.9999999}
  m_Children:
  - {fileID: 914096014997703266}
  m_Father: {fileID: 914096014997703228}
  m_RootOrder: 0
  m_LocalEulerAnglesHint: {x: 0, y: 0, z: 0}
--- !u!1 &914096014998001232
GameObject:
  m_ObjectHideFlags: 0
  m_CorrespondingSourceObject: {fileID: 0}
  m_PrefabInstance: {fileID: 0}
  m_PrefabAsset: {fileID: 0}
  serializedVersion: 6
  m_Component:
  - component: {fileID: 914096014997703280}
  m_Layer: 0
  m_Name: f_middle.03.R
  m_TagString: Untagged
  m_Icon: {fileID: 0}
  m_NavMeshLayer: 0
  m_StaticEditorFlags: 0
  m_IsActive: 1
--- !u!4 &914096014997703280
Transform:
  m_ObjectHideFlags: 0
  m_CorrespondingSourceObject: {fileID: 0}
  m_PrefabInstance: {fileID: 0}
  m_PrefabAsset: {fileID: 0}
  m_GameObject: {fileID: 914096014998001232}
  m_LocalRotation: {x: 0.010689807, y: -0.00035005982, z: 0.01091677, w: 0.99988323}
  m_LocalPosition: {x: -0.000000003958121, y: 0.024830231, z: 0.000000016239937}
  m_LocalScale: {x: 1, y: 0.99999994, z: 0.9999999}
  m_Children: []
  m_Father: {fileID: 914096014997703292}
  m_RootOrder: 0
  m_LocalEulerAnglesHint: {x: 0, y: 0, z: 0}
--- !u!1 &914096014998001234
GameObject:
  m_ObjectHideFlags: 0
  m_CorrespondingSourceObject: {fileID: 0}
  m_PrefabInstance: {fileID: 0}
  m_PrefabAsset: {fileID: 0}
  serializedVersion: 6
  m_Component:
  - component: {fileID: 914096014997703282}
  m_Layer: 0
  m_Name: f_middle.03.L
  m_TagString: Untagged
  m_Icon: {fileID: 0}
  m_NavMeshLayer: 0
  m_StaticEditorFlags: 0
  m_IsActive: 1
--- !u!4 &914096014997703282
Transform:
  m_ObjectHideFlags: 0
  m_CorrespondingSourceObject: {fileID: 0}
  m_PrefabInstance: {fileID: 0}
  m_PrefabAsset: {fileID: 0}
  m_GameObject: {fileID: 914096014998001234}
  m_LocalRotation: {x: 0.010689755, y: 0.00035005904, z: -0.0109167695, w: 0.99988323}
  m_LocalPosition: {x: 0.0000000012805685, y: 0.02483023, z: 0.00000013737008}
  m_LocalScale: {x: 1, y: 1, z: 0.99999994}
  m_Children: []
  m_Father: {fileID: 914096014997703294}
  m_RootOrder: 0
  m_LocalEulerAnglesHint: {x: 0, y: 0, z: 0}
--- !u!1 &914096014998001236
GameObject:
  m_ObjectHideFlags: 0
  m_CorrespondingSourceObject: {fileID: 0}
  m_PrefabInstance: {fileID: 0}
  m_PrefabAsset: {fileID: 0}
  serializedVersion: 6
  m_Component:
  - component: {fileID: 914096014997703284}
  m_Layer: 0
  m_Name: f_pinky.01.R
  m_TagString: Untagged
  m_Icon: {fileID: 0}
  m_NavMeshLayer: 0
  m_StaticEditorFlags: 0
  m_IsActive: 1
--- !u!4 &914096014997703284
Transform:
  m_ObjectHideFlags: 0
  m_CorrespondingSourceObject: {fileID: 0}
  m_PrefabInstance: {fileID: 0}
  m_PrefabAsset: {fileID: 0}
  m_GameObject: {fileID: 914096014998001236}
  m_LocalRotation: {x: 0.06810388, y: 0.66922307, z: -0.24927376, w: 0.6966814}
  m_LocalPosition: {x: 0.0073913303, y: 0.08435006, z: -0.033795834}
  m_LocalScale: {x: 1, y: 1.0000001, z: 1.0000001}
  m_Children:
  - {fileID: 914096014997703240}
  m_Father: {fileID: 914096014997703218}
  m_RootOrder: 2
  m_LocalEulerAnglesHint: {x: 0, y: 0, z: 0}
--- !u!1 &914096014998001238
GameObject:
  m_ObjectHideFlags: 0
  m_CorrespondingSourceObject: {fileID: 0}
  m_PrefabInstance: {fileID: 0}
  m_PrefabAsset: {fileID: 0}
  serializedVersion: 6
  m_Component:
  - component: {fileID: 914096014997703286}
  m_Layer: 0
  m_Name: f_pinky.01.L
  m_TagString: Untagged
  m_Icon: {fileID: 0}
  m_NavMeshLayer: 0
  m_StaticEditorFlags: 0
  m_IsActive: 1
--- !u!4 &914096014997703286
Transform:
  m_ObjectHideFlags: 0
  m_CorrespondingSourceObject: {fileID: 0}
  m_PrefabInstance: {fileID: 0}
  m_PrefabAsset: {fileID: 0}
  m_GameObject: {fileID: 914096014998001238}
  m_LocalRotation: {x: 0.06810389, y: -0.66922307, z: 0.24927369, w: 0.6966814}
  m_LocalPosition: {x: -0.0073912404, y: 0.08435006, z: -0.033795834}
  m_LocalScale: {x: 0.99999994, y: 1, z: 1}
  m_Children:
  - {fileID: 914096014997703242}
  m_Father: {fileID: 914096014997703228}
  m_RootOrder: 2
  m_LocalEulerAnglesHint: {x: 0, y: 0, z: 0}
--- !u!1 &914096014998001240
GameObject:
  m_ObjectHideFlags: 0
  m_CorrespondingSourceObject: {fileID: 0}
  m_PrefabInstance: {fileID: 0}
  m_PrefabAsset: {fileID: 0}
  serializedVersion: 6
  m_Component:
  - component: {fileID: 914096014997703288}
  m_Layer: 0
  m_Name: f_middle.01.R
  m_TagString: Untagged
  m_Icon: {fileID: 0}
  m_NavMeshLayer: 0
  m_StaticEditorFlags: 0
  m_IsActive: 1
--- !u!4 &914096014997703288
Transform:
  m_ObjectHideFlags: 0
  m_CorrespondingSourceObject: {fileID: 0}
  m_PrefabInstance: {fileID: 0}
  m_PrefabAsset: {fileID: 0}
  m_GameObject: {fileID: 914096014998001240}
  m_LocalRotation: {x: 0.08816824, y: 0.672827, z: -0.18514414, w: 0.71081066}
  m_LocalPosition: {x: -0.0024446934, y: 0.09714705, z: 0.007951818}
  m_LocalScale: {x: 1, y: 0.99999976, z: 1}
  m_Children:
  - {fileID: 914096014997703292}
  m_Father: {fileID: 914096014997703218}
  m_RootOrder: 1
  m_LocalEulerAnglesHint: {x: 0, y: 0, z: 0}
--- !u!1 &914096014998001242
GameObject:
  m_ObjectHideFlags: 0
  m_CorrespondingSourceObject: {fileID: 0}
  m_PrefabInstance: {fileID: 0}
  m_PrefabAsset: {fileID: 0}
  serializedVersion: 6
  m_Component:
  - component: {fileID: 914096014997703290}
  m_Layer: 0
  m_Name: f_middle.01.L
  m_TagString: Untagged
  m_Icon: {fileID: 0}
  m_NavMeshLayer: 0
  m_StaticEditorFlags: 0
  m_IsActive: 1
--- !u!4 &914096014997703290
Transform:
  m_ObjectHideFlags: 0
  m_CorrespondingSourceObject: {fileID: 0}
  m_PrefabInstance: {fileID: 0}
  m_PrefabAsset: {fileID: 0}
  m_GameObject: {fileID: 914096014998001242}
  m_LocalRotation: {x: 0.088168204, y: -0.67282706, z: 0.18514404, w: 0.71081066}
  m_LocalPosition: {x: 0.0024447828, y: 0.09714705, z: 0.007951817}
  m_LocalScale: {x: 1, y: 0.99999994, z: 1}
  m_Children:
  - {fileID: 914096014997703294}
  m_Father: {fileID: 914096014997703228}
  m_RootOrder: 1
  m_LocalEulerAnglesHint: {x: 0, y: 0, z: 0}
--- !u!1 &914096014998001244
GameObject:
  m_ObjectHideFlags: 0
  m_CorrespondingSourceObject: {fileID: 0}
  m_PrefabInstance: {fileID: 0}
  m_PrefabAsset: {fileID: 0}
  serializedVersion: 6
  m_Component:
  - component: {fileID: 914096014997703292}
  m_Layer: 0
  m_Name: f_middle.02.R
  m_TagString: Untagged
  m_Icon: {fileID: 0}
  m_NavMeshLayer: 0
  m_StaticEditorFlags: 0
  m_IsActive: 1
--- !u!4 &914096014997703292
Transform:
  m_ObjectHideFlags: 0
  m_CorrespondingSourceObject: {fileID: 0}
  m_PrefabInstance: {fileID: 0}
  m_PrefabAsset: {fileID: 0}
  m_GameObject: {fileID: 914096014998001244}
  m_LocalRotation: {x: -0.02730525, y: -0.00035585157, z: 0.023082437, w: 0.99936056}
  m_LocalPosition: {x: -0.000000003259629, y: 0.046208672, z: 0.0000001390581}
  m_LocalScale: {x: 1, y: 0.99999994, z: 1}
  m_Children:
  - {fileID: 914096014997703280}
  m_Father: {fileID: 914096014997703288}
  m_RootOrder: 0
  m_LocalEulerAnglesHint: {x: 0, y: 0, z: 0}
--- !u!1 &914096014998001246
GameObject:
  m_ObjectHideFlags: 0
  m_CorrespondingSourceObject: {fileID: 0}
  m_PrefabInstance: {fileID: 0}
  m_PrefabAsset: {fileID: 0}
  serializedVersion: 6
  m_Component:
  - component: {fileID: 914096014997703294}
  m_Layer: 0
  m_Name: f_middle.02.L
  m_TagString: Untagged
  m_Icon: {fileID: 0}
  m_NavMeshLayer: 0
  m_StaticEditorFlags: 0
  m_IsActive: 1
--- !u!4 &914096014997703294
Transform:
  m_ObjectHideFlags: 0
  m_CorrespondingSourceObject: {fileID: 0}
  m_PrefabInstance: {fileID: 0}
  m_PrefabAsset: {fileID: 0}
  m_GameObject: {fileID: 914096014998001246}
  m_LocalRotation: {x: -0.027305163, y: 0.0003559211, z: -0.023082413, w: 0.99936056}
  m_LocalPosition: {x: 0.0000000088475645, y: 0.046208683, z: 0.00000019726576}
  m_LocalScale: {x: 1, y: 0.99999994, z: 0.99999994}
  m_Children:
  - {fileID: 914096014997703282}
  m_Father: {fileID: 914096014997703290}
  m_RootOrder: 0
  m_LocalEulerAnglesHint: {x: 0, y: 0, z: 0}
--- !u!1 &914096014998001600
GameObject:
  m_ObjectHideFlags: 0
  m_CorrespondingSourceObject: {fileID: 0}
  m_PrefabInstance: {fileID: 0}
  m_PrefabAsset: {fileID: 0}
  serializedVersion: 6
  m_Component:
  - component: {fileID: 914096014997703648}
  - component: {fileID: 914096014990714250}
  m_Layer: 0
  m_Name: Undyne_thisforUnity
  m_TagString: Untagged
  m_Icon: {fileID: 0}
  m_NavMeshLayer: 0
  m_StaticEditorFlags: 0
  m_IsActive: 1
--- !u!4 &914096014997703648
Transform:
  m_ObjectHideFlags: 0
  m_CorrespondingSourceObject: {fileID: 0}
  m_PrefabInstance: {fileID: 0}
  m_PrefabAsset: {fileID: 0}
  m_GameObject: {fileID: 914096014998001600}
  m_LocalRotation: {x: 0, y: 0, z: 0, w: 1}
  m_LocalPosition: {x: 0, y: 0, z: 0}
  m_LocalScale: {x: 1, y: 1, z: 1}
  m_Children:
  - {fileID: 914096014997703220}
  - {fileID: 914096014997703650}
  m_Father: {fileID: 0}
  m_RootOrder: 0
  m_LocalEulerAnglesHint: {x: 0, y: 0, z: 0}
--- !u!95 &914096014990714250
Animator:
  serializedVersion: 3
  m_ObjectHideFlags: 0
  m_CorrespondingSourceObject: {fileID: 0}
  m_PrefabInstance: {fileID: 0}
  m_PrefabAsset: {fileID: 0}
  m_GameObject: {fileID: 914096014998001600}
  m_Enabled: 1
  m_Avatar: {fileID: 9000000, guid: f28b14c084edcf94cad0ae93b455b99b, type: 3}
  m_Controller: {fileID: 0}
  m_CullingMode: 1
  m_UpdateMode: 0
  m_ApplyRootMotion: 1
  m_LinearVelocityBlending: 0
  m_WarningMessage: 
  m_HasTransformHierarchy: 1
  m_AllowConstantClipSamplingOptimization: 1
  m_KeepAnimatorControllerStateOnDisable: 0
--- !u!1 &914096014998001602
GameObject:
  m_ObjectHideFlags: 0
  m_CorrespondingSourceObject: {fileID: 0}
  m_PrefabInstance: {fileID: 0}
  m_PrefabAsset: {fileID: 0}
  serializedVersion: 6
  m_Component:
  - component: {fileID: 914096014997703650}
  - component: {fileID: 914096014994889546}
  m_Layer: 0
  m_Name: undyne_lowpolyexport
  m_TagString: Untagged
  m_Icon: {fileID: 0}
  m_NavMeshLayer: 0
  m_StaticEditorFlags: 0
  m_IsActive: 1
--- !u!4 &914096014997703650
Transform:
  m_ObjectHideFlags: 0
  m_CorrespondingSourceObject: {fileID: 0}
  m_PrefabInstance: {fileID: 0}
  m_PrefabAsset: {fileID: 0}
  m_GameObject: {fileID: 914096014998001602}
  m_LocalRotation: {x: 0, y: 0, z: 0, w: 1}
  m_LocalPosition: {x: 0, y: 0, z: 0}
  m_LocalScale: {x: 1, y: 1, z: 1}
  m_Children: []
  m_Father: {fileID: 914096014997703648}
  m_RootOrder: 1
  m_LocalEulerAnglesHint: {x: 0, y: 0, z: 0}
--- !u!137 &914096014994889546
SkinnedMeshRenderer:
  m_ObjectHideFlags: 0
  m_CorrespondingSourceObject: {fileID: 0}
  m_PrefabInstance: {fileID: 0}
  m_PrefabAsset: {fileID: 0}
  m_GameObject: {fileID: 914096014998001602}
  m_Enabled: 1
  m_CastShadows: 1
  m_ReceiveShadows: 1
  m_DynamicOccludee: 1
  m_MotionVectors: 1
  m_LightProbeUsage: 1
  m_ReflectionProbeUsage: 1
  m_RayTracingMode: 0
  m_RenderingLayerMask: 1
  m_RendererPriority: 0
  m_Materials:
  - {fileID: 2100000, guid: 79ff6c73bd7907d4db3e433d500ff66c, type: 2}
  - {fileID: 2100000, guid: 9901537d520863c45aab9d435cdddea0, type: 2}
  m_StaticBatchInfo:
    firstSubMesh: 0
    subMeshCount: 0
  m_StaticBatchRoot: {fileID: 0}
  m_ProbeAnchor: {fileID: 0}
  m_LightProbeVolumeOverride: {fileID: 0}
  m_ScaleInLightmap: 1
  m_ReceiveGI: 1
  m_PreserveUVs: 0
  m_IgnoreNormalsForChartDetection: 0
  m_ImportantGI: 0
  m_StitchLightmapSeams: 1
  m_SelectedEditorRenderState: 3
  m_MinimumChartSize: 4
  m_AutoUVMaxDistance: 0.5
  m_AutoUVMaxAngle: 89
  m_LightmapParameters: {fileID: 0}
  m_SortingLayerID: 0
  m_SortingLayer: 0
  m_SortingOrder: 0
  serializedVersion: 2
  m_Quality: 0
  m_UpdateWhenOffscreen: 0
  m_SkinnedMotionVectors: 1
  m_Mesh: {fileID: 4300000, guid: f28b14c084edcf94cad0ae93b455b99b, type: 3}
  m_Bones:
  - {fileID: 914096014997703222}
  - {fileID: 914096014997703192}
  - {fileID: 914096014997703274}
  - {fileID: 914096014997703654}
  - {fileID: 914096014997703180}
  - {fileID: 914096014997703652}
  - {fileID: 914096014997703250}
  - {fileID: 914096014997703228}
  - {fileID: 914096014997703278}
  - {fileID: 914096014997703266}
  - {fileID: 914096014997703270}
  - {fileID: 914096014997703186}
  - {fileID: 914096014997703190}
  - {fileID: 914096014997703658}
  - {fileID: 914096014997703290}
  - {fileID: 914096014997703294}
  - {fileID: 914096014997703282}
  - {fileID: 914096014997703234}
  - {fileID: 914096014997703238}
  - {fileID: 914096014997703258}
  - {fileID: 914096014997703286}
  - {fileID: 914096014997703242}
  - {fileID: 914096014997703246}
  - {fileID: 914096014997703174}
  - {fileID: 914096014997703674}
  - {fileID: 914096014997703248}
  - {fileID: 914096014997703218}
  - {fileID: 914096014997703276}
  - {fileID: 914096014997703264}
  - {fileID: 914096014997703268}
  - {fileID: 914096014997703184}
  - {fileID: 914096014997703188}
  - {fileID: 914096014997703656}
  - {fileID: 914096014997703288}
  - {fileID: 914096014997703292}
  - {fileID: 914096014997703280}
  - {fileID: 914096014997703232}
  - {fileID: 914096014997703236}
  - {fileID: 914096014997703256}
  - {fileID: 914096014997703284}
  - {fileID: 914096014997703240}
  - {fileID: 914096014997703244}
  - {fileID: 914096014997703178}
  - {fileID: 914096014997703216}
  - {fileID: 914096014997703272}
  - {fileID: 914096014997703254}
  - {fileID: 914096014997703252}
  - {fileID: 914096014997703210}
  - {fileID: 914096014997703208}
  - {fileID: 914096014997703214}
  - {fileID: 914096014997703212}
  - {fileID: 914096014997703202}
  - {fileID: 914096014997703200}
  - {fileID: 914096014997703206}
  - {fileID: 914096014997703204}
  - {fileID: 914096014997703226}
  - {fileID: 914096014997703224}
  - {fileID: 914096014997703230}
  - {fileID: 914096014997703170}
  - {fileID: 914096014997703172}
  - {fileID: 914096014997703168}
  - {fileID: 914096014997703194}
  - {fileID: 914096014997703198}
  - {fileID: 914096014997703176}
  - {fileID: 914096014997703262}
  - {fileID: 914096014997703662}
  - {fileID: 914096014997703196}
  - {fileID: 914096014997703182}
  - {fileID: 914096014997703260}
  - {fileID: 914096014997703660}
  m_BlendShapeWeights: []
  m_RootBone: {fileID: 914096014997703222}
  m_AABB:
    m_Center: {x: 0.00000017881393, y: 0.030267417, z: -0.13146706}
    m_Extent: {x: 0.6728833, y: 1.207627, z: 0.4659497}
  m_DirtyAABB: 0
--- !u!1 &914096014998001604
GameObject:
  m_ObjectHideFlags: 0
  m_CorrespondingSourceObject: {fileID: 0}
  m_PrefabInstance: {fileID: 0}
  m_PrefabAsset: {fileID: 0}
  serializedVersion: 6
  m_Component:
  - component: {fileID: 914096014997703652}
  m_Layer: 0
  m_Name: upper_arm.L
  m_TagString: Untagged
  m_Icon: {fileID: 0}
  m_NavMeshLayer: 0
  m_StaticEditorFlags: 0
  m_IsActive: 1
--- !u!4 &914096014997703652
Transform:
  m_ObjectHideFlags: 0
  m_CorrespondingSourceObject: {fileID: 0}
  m_PrefabInstance: {fileID: 0}
  m_PrefabAsset: {fileID: 0}
  m_GameObject: {fileID: 914096014998001604}
  m_LocalRotation: {x: -0.23610139, y: -0.6328213, z: 0.31319368, w: 0.66760993}
  m_LocalPosition: {x: 0.004298584, y: 0.11871497, z: -0.021997571}
  m_LocalScale: {x: 0.9999999, y: 0.9999998, z: 0.99999994}
  m_Children:
  - {fileID: 914096014997703250}
  m_Father: {fileID: 914096014997703180}
  m_RootOrder: 0
  m_LocalEulerAnglesHint: {x: 0, y: 0, z: 0}
--- !u!1 &914096014998001606
GameObject:
  m_ObjectHideFlags: 0
  m_CorrespondingSourceObject: {fileID: 0}
  m_PrefabInstance: {fileID: 0}
  m_PrefabAsset: {fileID: 0}
  serializedVersion: 6
  m_Component:
  - component: {fileID: 914096014997703654}
  m_Layer: 0
  m_Name: upper chest
  m_TagString: Untagged
  m_Icon: {fileID: 0}
  m_NavMeshLayer: 0
  m_StaticEditorFlags: 0
  m_IsActive: 1
--- !u!4 &914096014997703654
Transform:
  m_ObjectHideFlags: 0
  m_CorrespondingSourceObject: {fileID: 0}
  m_PrefabInstance: {fileID: 0}
  m_PrefabAsset: {fileID: 0}
  m_GameObject: {fileID: 914096014998001606}
  m_LocalRotation: {x: 0.10443785, y: 0.00000012191283, z: -0.000000034058747, w: 0.9945314}
  m_LocalPosition: {x: -2.9698466e-15, y: 0.09854367, z: -0.0000000027939677}
  m_LocalScale: {x: 1, y: 1, z: 1}
  m_Children:
  - {fileID: 914096014997703178}
  - {fileID: 914096014997703180}
  - {fileID: 914096014997703174}
  m_Father: {fileID: 914096014997703274}
  m_RootOrder: 0
  m_LocalEulerAnglesHint: {x: 0, y: 0, z: 0}
--- !u!1 &914096014998001608
GameObject:
  m_ObjectHideFlags: 0
  m_CorrespondingSourceObject: {fileID: 0}
  m_PrefabInstance: {fileID: 0}
  m_PrefabAsset: {fileID: 0}
  serializedVersion: 6
  m_Component:
  - component: {fileID: 914096014997703656}
  m_Layer: 0
  m_Name: thumb.03.R
  m_TagString: Untagged
  m_Icon: {fileID: 0}
  m_NavMeshLayer: 0
  m_StaticEditorFlags: 0
  m_IsActive: 1
--- !u!4 &914096014997703656
Transform:
  m_ObjectHideFlags: 0
  m_CorrespondingSourceObject: {fileID: 0}
  m_PrefabInstance: {fileID: 0}
  m_PrefabAsset: {fileID: 0}
  m_GameObject: {fileID: 914096014998001608}
  m_LocalRotation: {x: 0.099062696, y: -0.0037801596, z: 0.07892398, w: 0.9919392}
  m_LocalPosition: {x: -0.000000022351742, y: 0.021117035, z: 0.000000026077032}
  m_LocalScale: {x: 1, y: 1, z: 1}
  m_Children: []
  m_Father: {fileID: 914096014997703188}
  m_RootOrder: 0
  m_LocalEulerAnglesHint: {x: 0, y: 0, z: 0}
--- !u!1 &914096014998001610
GameObject:
  m_ObjectHideFlags: 0
  m_CorrespondingSourceObject: {fileID: 0}
  m_PrefabInstance: {fileID: 0}
  m_PrefabAsset: {fileID: 0}
  serializedVersion: 6
  m_Component:
  - component: {fileID: 914096014997703658}
  m_Layer: 0
  m_Name: thumb.03.L
  m_TagString: Untagged
  m_Icon: {fileID: 0}
  m_NavMeshLayer: 0
  m_StaticEditorFlags: 0
  m_IsActive: 1
--- !u!4 &914096014997703658
Transform:
  m_ObjectHideFlags: 0
  m_CorrespondingSourceObject: {fileID: 0}
  m_PrefabInstance: {fileID: 0}
  m_PrefabAsset: {fileID: 0}
  m_GameObject: {fileID: 914096014998001610}
  m_LocalRotation: {x: 0.09906271, y: 0.0037800798, z: -0.07892397, w: 0.9919392}
  m_LocalPosition: {x: 0.000000055879354, y: 0.021117125, z: 0.000000029802322}
  m_LocalScale: {x: 0.99999994, y: 1, z: 1}
  m_Children: []
  m_Father: {fileID: 914096014997703190}
  m_RootOrder: 0
  m_LocalEulerAnglesHint: {x: 0, y: 0, z: 0}
--- !u!1 &914096014998001612
GameObject:
  m_ObjectHideFlags: 0
  m_CorrespondingSourceObject: {fileID: 0}
  m_PrefabInstance: {fileID: 0}
  m_PrefabAsset: {fileID: 0}
  serializedVersion: 6
  m_Component:
  - component: {fileID: 914096014997703660}
  m_Layer: 0
  m_Name: toe.R
  m_TagString: Untagged
  m_Icon: {fileID: 0}
  m_NavMeshLayer: 0
  m_StaticEditorFlags: 0
  m_IsActive: 1
--- !u!4 &914096014997703660
Transform:
  m_ObjectHideFlags: 0
  m_CorrespondingSourceObject: {fileID: 0}
  m_PrefabInstance: {fileID: 0}
  m_PrefabAsset: {fileID: 0}
  m_GameObject: {fileID: 914096014998001612}
  m_LocalRotation: {x: -0.029699296, y: 0.9717208, z: -0.23414814, w: 0.007158605}
  m_LocalPosition: {x: -0.0000000012805685, y: 0.17798012, z: -0.000000010142628}
  m_LocalScale: {x: 1, y: 0.9999996, z: 0.99999994}
  m_Children: []
  m_Father: {fileID: 914096014997703260}
  m_RootOrder: 0
  m_LocalEulerAnglesHint: {x: 0, y: 0, z: 0}
--- !u!1 &914096014998001614
GameObject:
  m_ObjectHideFlags: 0
  m_CorrespondingSourceObject: {fileID: 0}
  m_PrefabInstance: {fileID: 0}
  m_PrefabAsset: {fileID: 0}
  serializedVersion: 6
  m_Component:
  - component: {fileID: 914096014997703662}
  m_Layer: 0
  m_Name: toe.L
  m_TagString: Untagged
  m_Icon: {fileID: 0}
  m_NavMeshLayer: 0
  m_StaticEditorFlags: 0
  m_IsActive: 1
--- !u!4 &914096014997703662
Transform:
  m_ObjectHideFlags: 0
  m_CorrespondingSourceObject: {fileID: 0}
  m_PrefabInstance: {fileID: 0}
  m_PrefabAsset: {fileID: 0}
  m_GameObject: {fileID: 914096014998001614}
  m_LocalRotation: {x: 0.02969928, y: 0.9717209, z: -0.23414797, w: -0.0071585956}
  m_LocalPosition: {x: 0.000000018626451, y: 0.17798024, z: 0.000000012865314}
  m_LocalScale: {x: 1, y: 0.99999976, z: 0.99999994}
  m_Children: []
  m_Father: {fileID: 914096014997703262}
  m_RootOrder: 0
  m_LocalEulerAnglesHint: {x: 0, y: 0, z: 0}
--- !u!1 &914096014998001626
GameObject:
  m_ObjectHideFlags: 0
  m_CorrespondingSourceObject: {fileID: 0}
  m_PrefabInstance: {fileID: 0}
  m_PrefabAsset: {fileID: 0}
  serializedVersion: 6
  m_Component:
  - component: {fileID: 914096014997703674}
  m_Layer: 0
  m_Name: upper_arm.R
  m_TagString: Untagged
  m_Icon: {fileID: 0}
  m_NavMeshLayer: 0
  m_StaticEditorFlags: 0
  m_IsActive: 1
--- !u!4 &914096014997703674
Transform:
  m_ObjectHideFlags: 0
  m_CorrespondingSourceObject: {fileID: 0}
  m_PrefabInstance: {fileID: 0}
  m_PrefabAsset: {fileID: 0}
  m_GameObject: {fileID: 914096014998001626}
  m_LocalRotation: {x: -0.23610146, y: 0.6328213, z: -0.31319365, w: 0.66760993}
  m_LocalPosition: {x: -0.0042985952, y: 0.11871494, z: -0.021997567}
  m_LocalScale: {x: 0.9999999, y: 0.9999998, z: 0.99999994}
  m_Children:
  - {fileID: 914096014997703248}
  m_Father: {fileID: 914096014997703174}
  m_RootOrder: 0
  m_LocalEulerAnglesHint: {x: 0, y: 0, z: 0}
--- !u!1 &914096014998001632
GameObject:
  m_ObjectHideFlags: 0
  m_CorrespondingSourceObject: {fileID: 0}
  m_PrefabInstance: {fileID: 0}
  m_PrefabAsset: {fileID: 0}
  serializedVersion: 6
  m_Component:
  - component: {fileID: 914096014997703168}
  m_Layer: 0
  m_Name: shoulder.L.002
  m_TagString: Untagged
  m_Icon: {fileID: 0}
  m_NavMeshLayer: 0
  m_StaticEditorFlags: 0
  m_IsActive: 1
--- !u!4 &914096014997703168
Transform:
  m_ObjectHideFlags: 0
  m_CorrespondingSourceObject: {fileID: 0}
  m_PrefabInstance: {fileID: 0}
  m_PrefabAsset: {fileID: 0}
  m_GameObject: {fileID: 914096014998001632}
  m_LocalRotation: {x: 0.7638264, y: -0.2127511, z: -0.4404204, w: -0.42111298}
  m_LocalPosition: {x: -0.08026662, y: 0.019816304, z: 0.01863076}
  m_LocalScale: {x: 0.9999998, y: 0.99999994, z: 0.9999998}
  m_Children: []
  m_Father: {fileID: 914096014997703216}
  m_RootOrder: 4
  m_LocalEulerAnglesHint: {x: 0, y: 0, z: 0}
--- !u!1 &914096014998001634
GameObject:
  m_ObjectHideFlags: 0
  m_CorrespondingSourceObject: {fileID: 0}
  m_PrefabInstance: {fileID: 0}
  m_PrefabAsset: {fileID: 0}
  serializedVersion: 6
  m_Component:
  - component: {fileID: 914096014997703170}
  m_Layer: 0
  m_Name: shoulder.L.001
  m_TagString: Untagged
  m_Icon: {fileID: 0}
  m_NavMeshLayer: 0
  m_StaticEditorFlags: 0
  m_IsActive: 1
--- !u!4 &914096014997703170
Transform:
  m_ObjectHideFlags: 0
  m_CorrespondingSourceObject: {fileID: 0}
  m_PrefabInstance: {fileID: 0}
  m_PrefabAsset: {fileID: 0}
  m_GameObject: {fileID: 914096014998001634}
  m_LocalRotation: {x: -0.36793524, y: 0.46867576, z: 0.31270114, w: 0.73971933}
  m_LocalPosition: {x: -0.095820874, y: 0.061606653, z: 0.011647541}
  m_LocalScale: {x: 0.99999976, y: 0.9999997, z: 0.9999998}
  m_Children: []
  m_Father: {fileID: 914096014997703216}
  m_RootOrder: 3
  m_LocalEulerAnglesHint: {x: 0, y: 0, z: 0}
--- !u!1 &914096014998001636
GameObject:
  m_ObjectHideFlags: 0
  m_CorrespondingSourceObject: {fileID: 0}
  m_PrefabInstance: {fileID: 0}
  m_PrefabAsset: {fileID: 0}
  serializedVersion: 6
  m_Component:
  - component: {fileID: 914096014997703172}
  m_Layer: 0
  m_Name: shoulder.R.001
  m_TagString: Untagged
  m_Icon: {fileID: 0}
  m_NavMeshLayer: 0
  m_StaticEditorFlags: 0
  m_IsActive: 1
--- !u!4 &914096014997703172
Transform:
  m_ObjectHideFlags: 0
  m_CorrespondingSourceObject: {fileID: 0}
  m_PrefabInstance: {fileID: 0}
  m_PrefabAsset: {fileID: 0}
  m_GameObject: {fileID: 914096014998001636}
  m_LocalRotation: {x: -0.36793533, y: -0.46867552, z: -0.3127011, w: 0.73971945}
  m_LocalPosition: {x: 0.095820874, y: 0.061606653, z: 0.011647494}
  m_LocalScale: {x: 0.99999994, y: 0.99999994, z: 0.99999994}
  m_Children: []
  m_Father: {fileID: 914096014997703216}
  m_RootOrder: 5
  m_LocalEulerAnglesHint: {x: 0, y: 0, z: 0}
--- !u!1 &914096014998001638
GameObject:
  m_ObjectHideFlags: 0
  m_CorrespondingSourceObject: {fileID: 0}
  m_PrefabInstance: {fileID: 0}
  m_PrefabAsset: {fileID: 0}
  serializedVersion: 6
  m_Component:
  - component: {fileID: 914096014997703174}
  m_Layer: 0
  m_Name: shoulder.R
  m_TagString: Untagged
  m_Icon: {fileID: 0}
  m_NavMeshLayer: 0
  m_StaticEditorFlags: 0
  m_IsActive: 1
--- !u!4 &914096014997703174
Transform:
  m_ObjectHideFlags: 0
  m_CorrespondingSourceObject: {fileID: 0}
  m_PrefabInstance: {fileID: 0}
  m_PrefabAsset: {fileID: 0}
  m_GameObject: {fileID: 914096014998001638}
  m_LocalRotation: {x: -0.45495015, y: -0.51628923, z: -0.44174498, w: 0.5756103}
  m_LocalPosition: {x: 0.024918083, y: 0.109021336, z: 0.01338071}
  m_LocalScale: {x: 1, y: 1, z: 1}
  m_Children:
  - {fileID: 914096014997703674}
  m_Father: {fileID: 914096014997703654}
  m_RootOrder: 2
  m_LocalEulerAnglesHint: {x: 0, y: 0, z: 0}
--- !u!1 &914096014998001640
GameObject:
  m_ObjectHideFlags: 0
  m_CorrespondingSourceObject: {fileID: 0}
  m_PrefabInstance: {fileID: 0}
  m_PrefabAsset: {fileID: 0}
  serializedVersion: 6
  m_Component:
  - component: {fileID: 914096014997703176}
  m_Layer: 0
  m_Name: shin.L
  m_TagString: Untagged
  m_Icon: {fileID: 0}
  m_NavMeshLayer: 0
  m_StaticEditorFlags: 0
  m_IsActive: 1
--- !u!4 &914096014997703176
Transform:
  m_ObjectHideFlags: 0
  m_CorrespondingSourceObject: {fileID: 0}
  m_PrefabInstance: {fileID: 0}
  m_PrefabAsset: {fileID: 0}
  m_GameObject: {fileID: 914096014998001640}
  m_LocalRotation: {x: 0.03178224, y: -0.0012992916, z: 0.032622825, w: 0.99896145}
  m_LocalPosition: {x: -0.0000000051418603, y: 0.44716662, z: -4.0519055e-10}
  m_LocalScale: {x: 0.99999994, y: 1.0000001, z: 1}
  m_Children:
  - {fileID: 914096014997703262}
  m_Father: {fileID: 914096014997703198}
  m_RootOrder: 0
  m_LocalEulerAnglesHint: {x: 0, y: 0, z: 0}
--- !u!1 &914096014998001642
GameObject:
  m_ObjectHideFlags: 0
  m_CorrespondingSourceObject: {fileID: 0}
  m_PrefabInstance: {fileID: 0}
  m_PrefabAsset: {fileID: 0}
  serializedVersion: 6
  m_Component:
  - component: {fileID: 914096014997703178}
  m_Layer: 0
  m_Name: neck
  m_TagString: Untagged
  m_Icon: {fileID: 0}
  m_NavMeshLayer: 0
  m_StaticEditorFlags: 0
  m_IsActive: 1
--- !u!4 &914096014997703178
Transform:
  m_ObjectHideFlags: 0
  m_CorrespondingSourceObject: {fileID: 0}
  m_PrefabInstance: {fileID: 0}
  m_PrefabAsset: {fileID: 0}
  m_GameObject: {fileID: 914096014998001642}
  m_LocalRotation: {x: -0.06288987, y: -7.4503535e-11, z: 0.0000000148495545, w: 0.99802047}
  m_LocalPosition: {x: 6.0094776e-11, y: 0.19445851, z: 0.00022950489}
  m_LocalScale: {x: 1, y: 1, z: 1}
  m_Children:
  - {fileID: 914096014997703216}
  m_Father: {fileID: 914096014997703654}
  m_RootOrder: 0
  m_LocalEulerAnglesHint: {x: 0, y: 0, z: 0}
--- !u!1 &914096014998001644
GameObject:
  m_ObjectHideFlags: 0
  m_CorrespondingSourceObject: {fileID: 0}
  m_PrefabInstance: {fileID: 0}
  m_PrefabAsset: {fileID: 0}
  serializedVersion: 6
  m_Component:
  - component: {fileID: 914096014997703180}
  m_Layer: 0
  m_Name: shoulder.L
  m_TagString: Untagged
  m_Icon: {fileID: 0}
  m_NavMeshLayer: 0
  m_StaticEditorFlags: 0
  m_IsActive: 1
--- !u!4 &914096014997703180
Transform:
  m_ObjectHideFlags: 0
  m_CorrespondingSourceObject: {fileID: 0}
  m_PrefabInstance: {fileID: 0}
  m_PrefabAsset: {fileID: 0}
  m_GameObject: {fileID: 914096014998001644}
  m_LocalRotation: {x: -0.45495012, y: 0.5162893, z: 0.44174513, w: 0.5756101}
  m_LocalPosition: {x: -0.024918076, y: 0.109021336, z: 0.013380719}
  m_LocalScale: {x: 1, y: 0.9999999, z: 0.99999994}
  m_Children:
  - {fileID: 914096014997703652}
  m_Father: {fileID: 914096014997703654}
  m_RootOrder: 1
  m_LocalEulerAnglesHint: {x: 0, y: 0, z: 0}
--- !u!1 &914096014998001646
GameObject:
  m_ObjectHideFlags: 0
  m_CorrespondingSourceObject: {fileID: 0}
  m_PrefabInstance: {fileID: 0}
  m_PrefabAsset: {fileID: 0}
  serializedVersion: 6
  m_Component:
  - component: {fileID: 914096014997703182}
  m_Layer: 0
  m_Name: shin.R
  m_TagString: Untagged
  m_Icon: {fileID: 0}
  m_NavMeshLayer: 0
  m_StaticEditorFlags: 0
  m_IsActive: 1
--- !u!4 &914096014997703182
Transform:
  m_ObjectHideFlags: 0
  m_CorrespondingSourceObject: {fileID: 0}
  m_PrefabInstance: {fileID: 0}
  m_PrefabAsset: {fileID: 0}
  m_GameObject: {fileID: 914096014998001646}
  m_LocalRotation: {x: 0.031782214, y: 0.0012992922, z: -0.03262281, w: 0.99896145}
  m_LocalPosition: {x: -0.00000001398285, y: 0.44716662, z: -0.000000005541269}
  m_LocalScale: {x: 0.99999994, y: 1.0000001, z: 1}
  m_Children:
  - {fileID: 914096014997703260}
  m_Father: {fileID: 914096014997703196}
  m_RootOrder: 0
  m_LocalEulerAnglesHint: {x: 0, y: 0, z: 0}
--- !u!1 &914096014998001648
GameObject:
  m_ObjectHideFlags: 0
  m_CorrespondingSourceObject: {fileID: 0}
  m_PrefabInstance: {fileID: 0}
  m_PrefabAsset: {fileID: 0}
  serializedVersion: 6
  m_Component:
  - component: {fileID: 914096014997703184}
  m_Layer: 0
  m_Name: thumb.01.R
  m_TagString: Untagged
  m_Icon: {fileID: 0}
  m_NavMeshLayer: 0
  m_StaticEditorFlags: 0
  m_IsActive: 1
--- !u!4 &914096014997703184
Transform:
  m_ObjectHideFlags: 0
  m_CorrespondingSourceObject: {fileID: 0}
  m_PrefabInstance: {fileID: 0}
  m_PrefabAsset: {fileID: 0}
  m_GameObject: {fileID: 914096014998001648}
  m_LocalRotation: {x: 0.16115111, y: 0.8800246, z: 0.43535393, w: -0.1002693}
  m_LocalPosition: {x: 0.019608958, y: 0.03761405, z: 0.02365715}
  m_LocalScale: {x: 1, y: 1.0000002, z: 1}
  m_Children:
  - {fileID: 914096014997703188}
  m_Father: {fileID: 914096014997703218}
  m_RootOrder: 4
  m_LocalEulerAnglesHint: {x: 0, y: 0, z: 0}
--- !u!1 &914096014998001650
GameObject:
  m_ObjectHideFlags: 0
  m_CorrespondingSourceObject: {fileID: 0}
  m_PrefabInstance: {fileID: 0}
  m_PrefabAsset: {fileID: 0}
  serializedVersion: 6
  m_Component:
  - component: {fileID: 914096014997703186}
  m_Layer: 0
  m_Name: thumb.01.L
  m_TagString: Untagged
  m_Icon: {fileID: 0}
  m_NavMeshLayer: 0
  m_StaticEditorFlags: 0
  m_IsActive: 1
--- !u!4 &914096014997703186
Transform:
  m_ObjectHideFlags: 0
  m_CorrespondingSourceObject: {fileID: 0}
  m_PrefabInstance: {fileID: 0}
  m_PrefabAsset: {fileID: 0}
  m_GameObject: {fileID: 914096014998001650}
  m_LocalRotation: {x: -0.16115129, y: 0.88002443, z: 0.43535423, w: 0.100269616}
  m_LocalPosition: {x: -0.019608868, y: 0.037614048, z: 0.023657147}
  m_LocalScale: {x: 0.99999994, y: 1, z: 0.9999999}
  m_Children:
  - {fileID: 914096014997703190}
  m_Father: {fileID: 914096014997703228}
  m_RootOrder: 4
  m_LocalEulerAnglesHint: {x: 0, y: 0, z: 0}
--- !u!1 &914096014998001652
GameObject:
  m_ObjectHideFlags: 0
  m_CorrespondingSourceObject: {fileID: 0}
  m_PrefabInstance: {fileID: 0}
  m_PrefabAsset: {fileID: 0}
  serializedVersion: 6
  m_Component:
  - component: {fileID: 914096014997703188}
  m_Layer: 0
  m_Name: thumb.02.R
  m_TagString: Untagged
  m_Icon: {fileID: 0}
  m_NavMeshLayer: 0
  m_StaticEditorFlags: 0
  m_IsActive: 1
--- !u!4 &914096014997703188
Transform:
  m_ObjectHideFlags: 0
  m_CorrespondingSourceObject: {fileID: 0}
  m_PrefabInstance: {fileID: 0}
  m_PrefabAsset: {fileID: 0}
  m_GameObject: {fileID: 914096014998001652}
  m_LocalRotation: {x: 0.05362209, y: -0.025012627, z: 0.12246895, w: 0.99070704}
  m_LocalPosition: {x: -0.000000011175871, y: 0.027738046, z: -0.00000006519258}
  m_LocalScale: {x: 1, y: 1, z: 0.99999994}
  m_Children:
  - {fileID: 914096014997703656}
  m_Father: {fileID: 914096014997703184}
  m_RootOrder: 0
  m_LocalEulerAnglesHint: {x: 0, y: 0, z: 0}
--- !u!1 &914096014998001654
GameObject:
  m_ObjectHideFlags: 0
  m_CorrespondingSourceObject: {fileID: 0}
  m_PrefabInstance: {fileID: 0}
  m_PrefabAsset: {fileID: 0}
  serializedVersion: 6
  m_Component:
  - component: {fileID: 914096014997703190}
  m_Layer: 0
  m_Name: thumb.02.L
  m_TagString: Untagged
  m_Icon: {fileID: 0}
  m_NavMeshLayer: 0
  m_StaticEditorFlags: 0
  m_IsActive: 1
--- !u!4 &914096014997703190
Transform:
  m_ObjectHideFlags: 0
  m_CorrespondingSourceObject: {fileID: 0}
  m_PrefabInstance: {fileID: 0}
  m_PrefabAsset: {fileID: 0}
  m_GameObject: {fileID: 914096014998001654}
  m_LocalRotation: {x: 0.053622026, y: 0.025012642, z: -0.12246888, w: 0.99070704}
  m_LocalPosition: {x: 0.00000010058284, y: 0.027737953, z: 0.000000020489097}
  m_LocalScale: {x: 1, y: 1, z: 1}
  m_Children:
  - {fileID: 914096014997703658}
  m_Father: {fileID: 914096014997703186}
  m_RootOrder: 0
  m_LocalEulerAnglesHint: {x: 0, y: 0, z: 0}
--- !u!1 &914096014998001656
GameObject:
  m_ObjectHideFlags: 0
  m_CorrespondingSourceObject: {fileID: 0}
  m_PrefabInstance: {fileID: 0}
  m_PrefabAsset: {fileID: 0}
  serializedVersion: 6
  m_Component:
  - component: {fileID: 914096014997703192}
  m_Layer: 0
  m_Name: spine
  m_TagString: Untagged
  m_Icon: {fileID: 0}
  m_NavMeshLayer: 0
  m_StaticEditorFlags: 0
  m_IsActive: 1
--- !u!4 &914096014997703192
Transform:
  m_ObjectHideFlags: 0
  m_CorrespondingSourceObject: {fileID: 0}
  m_PrefabInstance: {fileID: 0}
  m_PrefabAsset: {fileID: 0}
  m_GameObject: {fileID: 914096014998001656}
  m_LocalRotation: {x: -0.043638825, y: 0.0000000016349982, z: -0.000000008821545,
    w: 0.9990474}
  m_LocalPosition: {x: -4.597858e-16, y: 0.17645405, z: 0.0000000037252903}
  m_LocalScale: {x: 1, y: 0.99999994, z: 0.99999994}
  m_Children:
  - {fileID: 914096014997703274}
  m_Father: {fileID: 914096014997703222}
  m_RootOrder: 0
  m_LocalEulerAnglesHint: {x: 0, y: 0, z: 0}
--- !u!1 &914096014998001658
GameObject:
  m_ObjectHideFlags: 0
  m_CorrespondingSourceObject: {fileID: 0}
  m_PrefabInstance: {fileID: 0}
  m_PrefabAsset: {fileID: 0}
  serializedVersion: 6
  m_Component:
  - component: {fileID: 914096014997703194}
  m_Layer: 0
  m_Name: shoulder.R.002
  m_TagString: Untagged
  m_Icon: {fileID: 0}
  m_NavMeshLayer: 0
  m_StaticEditorFlags: 0
  m_IsActive: 1
--- !u!4 &914096014997703194
Transform:
  m_ObjectHideFlags: 0
  m_CorrespondingSourceObject: {fileID: 0}
  m_PrefabInstance: {fileID: 0}
  m_PrefabAsset: {fileID: 0}
  m_GameObject: {fileID: 914096014998001658}
  m_LocalRotation: {x: 0.7638265, y: 0.21275094, z: 0.44042024, w: -0.4211131}
  m_LocalPosition: {x: 0.08026663, y: 0.019816304, z: 0.018630724}
  m_LocalScale: {x: 0.9999998, y: 0.99999994, z: 0.9999998}
  m_Children: []
  m_Father: {fileID: 914096014997703216}
  m_RootOrder: 6
  m_LocalEulerAnglesHint: {x: 0, y: 0, z: 0}
--- !u!1 &914096014998001660
GameObject:
  m_ObjectHideFlags: 0
  m_CorrespondingSourceObject: {fileID: 0}
  m_PrefabInstance: {fileID: 0}
  m_PrefabAsset: {fileID: 0}
  serializedVersion: 6
  m_Component:
  - component: {fileID: 914096014997703196}
  m_Layer: 0
  m_Name: thigh.R
  m_TagString: Untagged
  m_Icon: {fileID: 0}
  m_NavMeshLayer: 0
  m_StaticEditorFlags: 0
  m_IsActive: 1
--- !u!4 &914096014997703196
Transform:
  m_ObjectHideFlags: 0
  m_CorrespondingSourceObject: {fileID: 0}
  m_PrefabInstance: {fileID: 0}
  m_PrefabAsset: {fileID: 0}
  m_GameObject: {fileID: 914096014998001660}
  m_LocalRotation: {x: 0.99986804, y: 0.0000000038732404, z: 0.00000023831306, w: 0.0162455}
  m_LocalPosition: {x: 0.14861925, y: 0.07721373, z: 0.02349115}
  m_LocalScale: {x: 1, y: 0.9999999, z: 0.9999061}
  m_Children:
  - {fileID: 914096014997703182}
  m_Father: {fileID: 914096014997703222}
  m_RootOrder: 2
  m_LocalEulerAnglesHint: {x: 0, y: 0, z: 0}
--- !u!1 &914096014998001662
GameObject:
  m_ObjectHideFlags: 0
  m_CorrespondingSourceObject: {fileID: 0}
  m_PrefabInstance: {fileID: 0}
  m_PrefabAsset: {fileID: 0}
  serializedVersion: 6
  m_Component:
  - component: {fileID: 914096014997703198}
  m_Layer: 0
  m_Name: thigh.L
  m_TagString: Untagged
  m_Icon: {fileID: 0}
  m_NavMeshLayer: 0
  m_StaticEditorFlags: 0
  m_IsActive: 1
--- !u!4 &914096014997703198
Transform:
  m_ObjectHideFlags: 0
  m_CorrespondingSourceObject: {fileID: 0}
  m_PrefabInstance: {fileID: 0}
  m_PrefabAsset: {fileID: 0}
  m_GameObject: {fileID: 914096014998001662}
  m_LocalRotation: {x: 0.99986804, y: -1.5298962e-12, z: -6.292473e-11, w: 0.0162455}
  m_LocalPosition: {x: -0.14861925, y: 0.07721373, z: 0.023491079}
  m_LocalScale: {x: 1, y: 0.9999999, z: 0.99990517}
  m_Children:
  - {fileID: 914096014997703176}
  m_Father: {fileID: 914096014997703222}
  m_RootOrder: 1
  m_LocalEulerAnglesHint: {x: 0, y: 0, z: 0}
